3125 4975
738 276 869 375 ι4ο

1591 480 1663 575 V
1691 490 1727 572 1
1755 486 1819 571 '1⁴
1844 492 1908 573 A

954 720 1746 850 SEBASTIANI
1815 732 2474 848 FRANZON
2483 736 2529 842 1

782 1618 791 1627 ·
826 1508 941 1663 In
979 1608 1131 1687 agro
1169 1588 1488 1675 vicetiae,
1526 1600 1654 1680 qua
1699 1582 1758 1656 is
1799 1574 1884 1657 ad'
1937 1589 2474 1680 septemtrionem
2513 1608 2746 1663 extem

737 1708 954 1792 ditur,
990 1730 1120 1775 nou
1162 1706 1351 1795 longe
1406 1726 1445 1771 a
1482 1698 1815 1769 montibus
1869 1702 2050 1771 vicus
2105 1720 2242 1791 est,
2299 1722 2493 1795 quem
2541 1708 2750 1775 'rhie-

737 1841 893 1887 nem
933 1818 1193 1901 dicunt,
1232 1816 1411 1884 locus
1447 1814 1518 1883 in
1558 1836 1634 1882 ea
1677 1812 2014 1883 vicinitate
2071 1814 2544 1905 pulcherrimus
2575 1866 2592 1884 .
2641 1816 2749 1887 Ibi

742 1952 894 1999 ann.
937 1930 1149 2020 1687,
1182 1926 1494 2018 postridie
1542 1928 1770 1997 Nonas
1806 1918 2186 1997 Februarias
2223 1922 2612 2021 ex'antiqua
2635 1954 2752 2023 pa-

740 2047 900 2119 riter
936 2064 1005 2117 et
1038 2046 1310 2116 honesta
1349 2044 1604 2117 familia
1641 2062 1834 2115 natus
1871 2062 1972 2115 est
2009 2044 2428 2117 Sebastianus
2465 2050 2744 2119 Franzo-

743 2189 865 2239 nus
889 2220 910 2253 ‚
950 2164 1033 2235 de
1071 2184 1199 2258 quo
1238 2165 1523 2237 seribere
1563 2165 1634 2236 in
1672 2166 2043 2259 praesentia
2080 2165 2462 2257 aggredior.

832 2290 1083 2357 Exacta
1118 2284 1291 2355 inter
1346 2285 1739 2357 domesticos
1779 2282 2062 2375 pueritia
2091 2329 2114 2371 ,
2168 2284 2340 2351 anno
2393 2283 2572 2375 1699
2613 2281 2750 2351 ΧΠ

746 2400 891 2471 Cal.
932 2399 1259 2471 Novemh.
1298 2400 1370 2469 in
1396 2396 1836 2471 Seminarium
1876 2398 2260 2488 patavinum
2295 2412 2645 2487 exceptus,
2673 2396 2758 2464 ad

742 2514 959 2605 prima
994 2516 1464 2608 grammaticae
1500 2515 1872 2584 rudimenta
1897 2510 2230 2578 incubuit.
2259 2509 2413 2578 Jam
2453 2526 2592 2577 tum
2622 2533 2757 2578 ma-

744 2633 965 2724 gistris
1018 2635 1251 2730 injecit
1304 2635 1420 2704 ille
1466 2607 1995 2719 expectat-ioum
2049 2624 2181 2705 sui,
2243 2643 2524 2712 eamque
2577 2627 2761 2694 auxit

740 2770 1003 2837 semper
1038 2765 1265 2834 postea
1286 2793 1305 2812 .
1332 2743 1503 2812 Aliis
1542 2739 1795 2829 praeire
1815 2783 1838 2821 ‚
1859 2737 2001 2802 loco
2027 2733 2318 2802 eminere
2336 2786 2357 2820 ‚
2381 2739 2752 2825 praemium

739 2860 978 2928 referre
1015 2861 1193 2930 visus
1240 2873 1376 2924 est.
1412 2859 1692 2946 Quaque
1729 2868 1870 2920 erat
1908 2852 2308 2921 abundantia
2346 2854 2627 2945 ingenii,
2653 2880 2756 2924 ce-

740 2975 963 3043 leriter
1002 2988 1140 3041 tum
1180 2972 1516 3064 politiores
1556 2987 1700 3042 tum
1737 2970 2095 3040 severiores
2153 2971 2536 3061 disciplinas
2591 2975 2756 3043 arri-

744 3086 925 3177 puit,
964 3108 1042 3153 ea
1098 3102 1435 3177 praeterea
1490 3085 1852 3171 felicitate,
1905 3085 2362 3154 ut‘videretur
2395 3087 2480 3155 ad
2535 3087 2756 3156 omnia

739 3201 951 3271 factus
982 3204 1283 3274 unanimi
1322 3222 1822 3296 praeceptorum
1861 3226 2214 3272 consensu.
2243 3206 2423 3292 Quos
2453 3204 2626 3272 inter
2661 3203 2754 3272 vi-

648 3346 660 3358 ·
740 3343 885 3389 rum
922 3320 1361 3391 clarissimum
1388 3323 1710 3392 ‚Iacobum
1745 3319 2164 3390 Jacohettum
2198 3319 2446 3410 publici
2475 3338 2751 3411 postpa-

744 3432 947 3502 tavini
985 3435 1334 3524 Gymnasii
1376 3417 1807 3527 professorem
1855 3432 2053 3503 fuisse
2091 3449 2344 3502 constat
2382 3457 2462 3501 ex
2517 3433 2763 3521 episto-

746 3545 814 3616 la
833 3599 855 3632 ‚
880 3572 1076 3640 quam
1116 3547 1199 3618 de
1233 3549 1441 3640 ipsius
1482 3549 1619 3618 vita
1656 3572 1731 3618 ac
1767 3549 2006 3617 studiis
2045 3547 2129 3615 ad
2166 3545 2450 3614 amicum
2486 3547 2756 3613 Franzo-

744 3685 867 3734 nus
904 3665 1170 3756 scripsit
1195 3718 1218 3753 ‚
1264 3683 1332 3735 et
1378 3689 1527 3734 cum
1577 3667 1712 3734 suis
1751 3663 2150 3735 orationibus
2189 3663 2440 3758 jamdiu
2477 3659 2728 3766 edidit.

834 3784 1027 3853 Anno
1062 3783 1329 3852 interim
1356 3782 1600 3851 saeculi
1627 3785 1834 3853 XVII
1881 3799 2174 3855 vertente
2212 3807 2422 3867 nono,
2463 3779 2762 3852 confecto

746 3898 1115 3974 studiorum
1160 3923 1351 3973 cursu
1372 3949 1399 3989 ,
1433 3899 1725 3973 nondum
1765 3917 1986 3972 tamen
2025 3899 2388 3972 sacerdotio
2423 3898 2760 3983 initiatus,
