3125 4975
653 278 666 289 '
757 276 854 359 08
1688 278 1864 343 ’ΠΜ

677 449 689 465 ·
759 442 976 553 nsque
1011 419 1115 491 Μ.
1155 411 1518 501 Antonius,
1551 412 1666 506 qui
1706 438 1856 486 cum
1894 410 2083 504 plura
2120 396 2461 511 reliquerit
2486 406 2800 494 eruditio:

759 537 874 607 nis
909 558 1067 607 suae
1105 544 1567 614 monumenta,
1622 527 1693 597 in
1734 528 2013 597 multam
2066 525 2525 601 celebritatem
2582 540 2795 608 evasit

755 655 941 747 apud
977 652 1151 725 viros
1179 649 1388 723 etism
1441 648 1513 719 in
1568 644 1803 739 primis
1840 645 2208 717 litteratos.
2246 650 2630 723 Recensebo
2678 680 2795 727 ea

759 762 921 845 dem
957 786 1108 863 post
1139 768 1397 841 exitum
1437 764 1631 861 hujus
1660 766 1869 852 vitae,
1896 789 1982 835 ue
2012 764 2469 858 intercipiatur
2492 770 2787 845 historias

833 882 1214 975 Lipsienses
1235 878 1625 966 academici,
1638 878 1877 971 quihus
1900 902 2008 949 an.
2025 880 2223 973 1735.
2249 879 2509 953 oblatae
2536 883 2793 959 fixerunt

753 1002 871 1074 M.
895 998 1104 1071 Tullii
1125 996 1469 1073 Ciceronis
1497 996 1825 1069 orationes
1840 1016 2001 1069 cum
2032 999 2471 1090 argumentis,
2494 1002 2797 1078 animad-

762 1116 1176 1191 versionibus
1211 1132 1282 1189 et
1319 1114 1577 1207 analysi
1614 1116 1721 1187 M.
1756 1113 2033 1185 Antonii
2066 1114 2347 1187 Ferratii
2356 1168 2381 1202 ,
2404 1117 2628 1189 eidem
2654 1140 2793 1214 gm-

765 1233 934 1307 tiam
971 1236 1347 1309 habendam
1385 1234 1720 1330 judicant,
1746 1234 1921 1325 quod
1959 1232 2337 1327 hujusmodi
2372 1234 2667 1311 laborem
2704 1236 2788 1315 ad'

761 1354 1124 1449 juventutis
1159 1354 1479 1425 oratoriae
1517 1353 1679 1423 artis
1714 1352 2051 1423 studiosae
2086 1350 2445 1425 utilitatem
2482 1379 2789 1451 suscepe-

767 1475 859 1545 rit
893 1473 1038 1566 (ι).
1103 1472 1210 1543 Ad
1269 1470 1340 1543 id
1377 1470 1480 1541 illi
1519 1484 1743 1541 auctor
1802 1466 2013 1537 fuerat
2034 1520 2055 1553 ,
2110 1482 2185 1537 ut
2234 1468 2383 1561 ipso
2432 1468 2677 1543 fatetur
2720 1474 2789 1547 iu

763 1586 1208 1679 praefatione,
1249 1588 1324 1657 Β.
1363 1583 1723 1677 Gregorius
1756 1580 2158 1655 Barbadicns
2174 1634 2198 1670 ,
2222 1582 2529 1681 princeps
2556 1588 2642 1659 ad
2682 1610 2797 1681 op·-

761 1699 936 1771 tima
971 1724 1268 1792 quaeque
1306 1715 1536 1769 natus.

759 1892 766 1899 ,
857 1820 994 1889 Res
1029 1834 1172 1888 erat
1209 1817 1450 1902 ardua,
1483 1832 1560 1887 et
1594 1815 1940 1887 molestiae
1966 1816 2209 1908 plena,
2244 1834 2445 1909 quam
2480 1812 2599 1887 alii
2636 1806 2791 1911 'qui-

753 1936 926 2017 ,dam
965 1935 1346 2025 attigerant,
1400 1932 1521 2004 sed
1574 1934 1812 2005 leviter
1858 1934 2217 2007 admodum
2256 1934 2379 2026 (ut
2412 1934 2474 2004 ei
2512 1932 2793 2006 videba-

751 2054 917 2144 tur)
942 2104 964 2139 ,
1001 2068 1070 2123 et
1103 2050 1288 2123 exitu
1345 2076 1474 2122 non
1511 2052 1677 2123 satis
1713 2076 2026 2145 prospero
2046 2102 2064 2122 .
2116 2053 2226 2123 Ad
2278 2050 2643 2124 audendum
2682 2066 2789 2123 ta·

767 2190 926 2245 meu
977 2168 1112 2261 ipsi
1163 2167 1427 2241 fuerunt
1479 2168 1911 2240 incitamento
1966 2186 2108 2241 tum
2148 2170 2349 2262 primi
2406 2170 2660 2242 labores
2700 2172 2791 2241 ab

765 2287 918 2379 ipso
955 2288 1275 2381 insumpti
1303 2288 1374 2358 in
1411 2288 1839 2380 explicandas
1862 2286 2009 2359 Titi
2048 2286 2223 2359 Livii
2260 2290 2639 2376 conciones,
2662 2314 2793 2360 non

765 2405 915 2477 sine
951 2406 1172 2501 aliqua
1211 2410 1332 2500 (ut
1371 2407 1516 2501 ipse
1553 2408 1852 2481 modeste
1888 2404 2215 2500 affirmat)
2274 2408 2798 2499 approbatione3

769 2537 914 2596 tum
947 2521 1206 2600 facilius
1241 2527 1641 2599 obtinendae
1659 2581 1681 2616 ,
1726 2543 1953 2620 utpote
1988 2527 2061 2596 iu
2098 2549 2169 2598 re
2203 2520 2458 2596 difficili
2476 2523 2501 2613 ,'
2554 2521 2791 2598 veniae

761 2664 921 2736 spes
942 2695 959 2710 .
999 2640 1109 2714 Sic
1146 2641 1371 2734 itaque
1409 2665 1548 2710 rem
1588 2639 1875 2712 orditur.

858 2757 1092 2827 Totius
1131 2755 1442 2828 orationis
1477 2757 1781 2828 ordinem
1816 2750 2203 2852 singillatim
2230 2748 2503 2830 exhibet
2526 2747 2597 2826 in·
2622 2751 2787 2849 Syn-

769 2870 952 2962 opsi,
1018 2869 1192 2938 undo
1241 2863 1613 2958 expeditior
1644 2871 1721 2940 fit
1756 2872 2107 2966 cujuslibet
2140 2897 2399 2965 quoque
2436 2871 2641 2962 partis
2680 2871 2786 2940 in-

748 2979 1134 3072 ,telligentia
1155 3031 1174 3050 .
1212 2979 1386 3052 Tum
1425 2983 1697 3055 oratoris
1733 2985 1954 3076 aperit
1990 2985 2377 3071 artificium,
2430 2985 2603 3076 quod
2640 3006 2787 3053 sae·

767 3097 920 3191 pius
957 3097 1118 3168 latet
1136 3151 1158 3185 ,
1191 3117 1370 3172 certe
1406 3125 1536 3172 non
1578 3121 1713 3174 tam
1752 3101 1942 3174 facile
1978 3127 2051 3174 se
2088 3127 2160 3174 se
2196 3103 2453 3196 prodit,
2490 3123 2787 3194 praeser-

770 3211 896 3283 tim
935 3212 1457 3287 adolescentibus
1474 3270 1495 3304 ,
1549 3241 1824 3310 quorum
1880 3217 2087 3310 gratia
2140 3215 2465 3288 Per-ratius
2518 3211 2788 3285 scribit.

767 3329 961 3418 Quae
1013 3330 1102 3400 sit
1153 3334 1407 3424 optima
1461 3335 1767 3407 narrandi
1804 3337 1976 3406 ratio
2046 3359 2122 3408 ae
2176 3331 2563 3418 refellendi3
2618 3353 2789 3422 quae

768 3465 1302 3539 argumentorum
1357 3453 1583 3544 sedes,
1637 3453 1991 3557 efficacitas
2064 3473 2141 3525 ac
2201 3452 2349 3542 vis3
2410 3469 2574 3542 quae
2622 3467 2791 3522 cum

1465 3680 2123 3716 mm

845 3817 950 3902 (¹)
985 3821 1056 3885 1¹²
1093 3827 1371 3911 supplem.
1413 3825 1492 3890 ad
1525 3845 1681 3896 nova
1714 3839 1844 3893 scta
1878 3821 2156 3894 eruditor.
2196 3824 2381 3890 Tom-
2408 3823 2461 3888 1.
2494 3759 2641 3884 sect.
2676 3815 2797 3888 vl.

761 3925 904 4010 ΡΒ·
941 3931 1082 4008 ²47·
1115 3949 1212 3994 ιι·
1257 3927 1434 4019 3755.
