3125 4975
936 327 1345 383 seuerum
1380 331 1746 386 nsnzom
2225 341 2274 389 1
2261 322 2305 410 4
2315 316 2354 391 3

334 433 466 529 Qui
498 439 855 528 distincte,
892 441 1147 536 inquit,
1184 444 1303 536 qui
1334 446 1668 539 explicate
1684 502 1706 534 ‚
1734 448 1852 537 qui
1883 449 2303 525 abundanter
2321 508 2344 543 ,
2455 509 2489 543 ἱ.

324 552 444 643 qui
499 550 876 623 illmmnate
928 566 1000 627 et
1054 554 1250 627 rebus
1292 567 1363 629 et
1415 557 1630 631 verbis
1665 560 1934 650 dicunt,
1967 577 2038 635 et
2091 565 2162 635 in
2197 570 2348 661 ipsa

323 666 628 735 oratione
664 665 855 758 quasi
866 669 1246 760 ,quemdam
1298 696 1648 759 numerum
1704 700 2083 771 verswnque
2133 684 2347 773 confi-
2401 682 2407 689 ’

321 780 547 869 ciunt,
580 782 659 854 id
692 796 831 872 est,
871 787 1051 877 qnod
1078 788 1229 861 dico
1245 841 1271 877 ,
1308 804 1545 863 ornate
1581 795 1727 887 (ι).

420 901 787 975 Videamus
820 929 997 978 nunc
1034 909 1190 999 quid
1229 911 1311 979 de
1348 912 1453 981 his
1511 914 1630 985 alii
1675 916 2000 987 senserint
2053 917 2296 989 eruditi
2325 928 2356 989 .·

327 1012 457 1086 Vir
489 1017 911 1091 doctissimus
942 1074 967 1108 ,
1020 1022 1137 1091 ubi
1181 1023 1394 1115 agitur
1430 1025 1513 1096 de
1568 1026 1878 1101 litteratis
1914 1032 2151 1103 Italiae
2191 1035 2300 1125 (2)
2319 1086 2362 1121 ‚,

324 1128 635 1201 orationis
695 1133 893 1227 hujus
945 1136 1274 1207 secundae
1312 1140 1722 1211 mentionem
1775 1140 2024 1213 faciens
2060 1147 2346 1233 scribit,

322 1243 395 1313 in
431 1246 555 1317 hoe
592 1261 979 1339 argumento
1018 1265 1349 1317 versatum
1388 1273 1535 1319 esse
1570 1254 1982 1323 Franzonum
2018 1257 2213 1327 scite.

413 1358 895 1448 sagacissimus
954 1358 1359 1432 Muratorius
1396 1410 1420 1444 ‚
1457 1362 1563 1431 cui
1620 1366 1970 1455 quotannis
2032 1370 2348 1441 mittebat

321 1472 615 1561 singulas
652 1470 981 1539 orationes
1017 1494 1169 1543 suas
1202 1472 1666 1565 Sebastianum,
1704 1480 1788 1551 de
1825 1481 2064 1555 iisdem
2101 1468 2382 1579 magni-'

326 1583 453 1653 fiee
483 1632 499 1649 .
564 1582 719 1653 Non
772 1582 861 1651 ad
904 1584 1415 1657 assentationem
1462 1605 1531 1658 et
1576 1592 1856 1682 gratiam
1911 1598 1942 1687 (
1980 1614 2119 1667 erat
2165 1602 2362 1687 enim,

324 1698 617 1768 alienum
647 1700 719 1771 id
748 1724 947 1791 quam
976 1701 1275 1789 maxime
1298 1704 1385 1775 ab
1420 1706 1646 1780 indole
1665 1713 2102 1806 Mummii),
2123 1718 2240 1787 sed
2265 1740 2358 1803 ex,

325 1818 547 1887 animo
590 1818 786 1911 plane
823 1820 1137 1911 ingenuo,
1175 1839 1249 1893 ut
1286 1847 1371 1897 ex
1408 1826 1548 1921 ejus
1587 1829 1798 1920 ipsius
1834 1834 2132 1923 epistolis
2169 1836 2354 1919 clare,

320 1948 576 2006 constat
596 1982 601 1989 -
625 1934 957 2007 Franzono
1002 1934 1269 2025 missis,
1323 1955 1393 2011 et
1441 1940 1529 2011 ab
1581 1943 1938 2017 heredibus
1988 1948 2345 2043 diligenter

321 2050 591 2121 servatis
613 2104 632 2124 .

410 2171 587 2241 mua
622 2172 825 2241 etiam
859 2173 1213 2263 aliquando
1242 2200 1351 2247 me
1388 2180 1652 2253 audisse
1677 2184 1997 2271 memini,
2019 2165 2358 2263 Jacobum'

322 2284 677 2361 Stellinum
723 2338 746 2370 ‚
781 2288 1069 2357 eximiae
1124 2291 1608 2381 intelligentiae
1661 2297 2092 2387 professorem
2109 2355 2130 2388 ‚
2189 2330 2346 2379 cum

323 2399 449 2469 has
485 2398 812 2467 orationes
848 2396 1153 2488 legisset,
1190 2400 1586 2473 admiratum
1625 2428 1769 2474 esse
1803 2410 1990 2477 valde
2025 2414 2344 2485 Franzoni

326 2516 669 2610 ingenium
704 2569 728 2602 ‚
782 2516 957 2607 quod
1012 2538 1120 2588 res
1170 2540 1303 2586 non
1340 2541 1602 2608 prorsus
1640 2522 1872 2592 uberes
1927 2527 2351 2614 explicuisset

326 2634 657 2706 uberrime
678 2683 698 2704 .
736 2633 1085 2706 Orationes
1131 2635 1260 2706 hae
1300 2635 1541 2728 ubique
1579 2655 1894 2730 exceptae
1933 2661 2082 2708 eum
2121 2665 2381 2733 approp-

325 2752 593 2822 hatione
628 2768 699 2824 et
734 2751 969 2842 plausu
998 2752 1105 2822 vel
1142 2753 1313 2822 ultra
1348 2754 1656 2841 Italiam,
1688 2755 1759 2824 in
1781 2753 2218 2826 nobilissimis
2257 2775 2356 2827 et·-

324 2871 461 2938 iarn
518 2873 819 2960 Europae
858 2869 1249 2958 provinciis,
1286 2871 1656 2942 Germania
1697 2871 2050 2962 praecipue
2099 2887 2170 2942 et
2205 2877 2350 2948 Ans·

314 2982 461 3072 ,glia
482 3033 499 3051 .
554 2982 946 3054 Litterariae
980 3005 1241 3076 quoque
1291 2983 1752 3076 ephemerides
1809 2985 1884 3056 in
1927 3009 2155 3057 earnm
2199 2988 2348 3058 lau-

326 3099 444 3168 des
482 3098 761 3172 effusae.

418 3214 603 3284 Alias
638 3233 977 3306 praeterea
1010 3219 1253 3290 latinas
1306 3235 1375 3288 et
1412 3219 1610 3290 italas
1659 3221 1990 3292 orationes
2039 3219 2346 3315 scripsit,

327 3349 601 3420 quarum
638 3329 881 3418 partim
920 3331 1139 3402 editae
1173 3347 1327 3400 sunt
1343 3381 1366 3416 ‚
1398 3333 1644 3422 partim
1664 3333 1876 3404 latent
1909 3353 2208 3424 exportes
2237 3338 2349 3410 ad·-

1012 3555 1674 3586 mmmssmmm

421 3725 520 3810 (ι)
562 3725 698 3788 Lib.
737 3726 796 3786 3.
838 3721 913 3784 ds
950 3736 1091 3786 orat.
1134 3743 1186 3784 e.
1242 3731 1329 3800 ¹4·

410 3831 509 3908 (2)
552 3830 827 3896 Giomale
867 3827 963 3891 dei
1002 3827 1285 3892 Letterati
1338 3825 1397 3888 d·
1414 3825 1586 3890 Italia
1625 3831 1803 3894 Toni.
1844 3832 2166 3906 XXXVII
2211 3855 2352 3922 1¹⁸3<

330 3933 470 4008 483.
794 4041 877 4092 w
