3125 4975
979 322 1061 373 rr.
1098 320 1405 377 amun
1440 322 1869 376 mutum
2327 312 2462 405 ³73

420 448 695 525 fondere
734 442 1108 531 nitebatur,
1146 462 1215 517 et
1250 446 1522 516 ulterius
1571 470 1955 543 promovere
1976 501 1992 518 .
2031 452 2289 544 Religio
2350 481 2460 525 so..

414 568 595 655 lida,
633 566 755 639 sed
804 566 1003 658 longe
1049 564 1277 635 aberat
1314 590 1354 636 a
1394 565 1704 639 tristitia.
1743 570 1986 637 Laetus
2023 569 2138 638 ille
2183 574 2289 642 vel
2343 574 2456 645 in..

420 704 525 761 ter
560 704 657 759 tot
692 684 1051 757 senectutis
1086 708 1167 755 ae
1203 684 1537 755 solitariae
1577 685 1752 755 vitae
1790 686 2127 755 molestias
2155 741 2171 756 .

511 800 747 891 Neque
784 800 1005 869 minor
1042 794 1436 889 frugalitatis
1476 799 1616 867 laus
1649 820 1728 867 ae
1765 798 2274 888 temperantiae.
2301 802 2446 871 Ma-

422 944 551 1015 gna
588 921 661 989 in
701 917 883 989 omni
942 916 1081 987 vita
1132 912 1540 1001 moderatio,
1599 938 1836 1007 magna
1893 915 2188 985 hominis
2240 915 2450 987 absti-

417 1036 687 1122 nentia,
722 1036 893 1107 haue
931 1032 1153 1127 prodit
1207 1033 1388 1102 illius
1425 1032 1680 1102 incuria
1737 1032 1810 1101 in
1847 1034 2272 1104 custodienda
2329 1056 2452 1123 pe-

420 1155 615 1225 cunia
634 1208 657 1243 ‚
678 1154 889 1227 animi
916 1151 1357 1244 tranquillitas
1390 1150 1463 1220 in
1494 1148 1636 1245 ejus
1670 1151 1918 1245 iactura
1934 1205 1958 1239 ,
1984 1151 2166 1243 larga
2195 1153 2264 1223 in
2289 1174 2448 1245 pau-

416 1278 611 1365 peres
643 1324 665 1359 ,
721 1272 1101 1360 cultumque
1156 1269 1552 1359 templorum
1607 1286 1870 1361 erogata
1931 1268 2260 1355 subsidia,
2297 1285 2442 1341 tum

419 1384 709 1474 denique
731 1382 901 1451 sacri
939 1381 1215 1467 reditus,
1244 1402 1517 1473 quorum
1554 1380 1708 1451 aliis
1741 1383 1885 1473 ipse
1921 1382 2090 1451 ultro
2121 1406 2266 1452 sese
2295 1404 2440 1473 spo-

417 1503 651 1586 liavit,
686 1500 852 1569 alios
882 1501 1203 1569 recusavit
1237 1498 1491 1570 oblatos
1514 1552 1533 1583 ,
1554 1500 1747 1569 enixe
1785 1499 2166 1590 episcopum
2206 1500 2444 1570 adhor-

421 1632 632 1701 tatus,
671 1631 741 1684 ut
776 1612 1043 1683 eosdem
1082 1614 1233 1715 aliis
1266 1638 1341 1683 se
1380 1611 1594 1705 magis
1647 1612 1906 1707 dignis,
1949 1614 2286 1707 magisque
2342 1614 2442 1683 in-

416 1733 794 1826 digentibus
830 1732 1236 1825 impertiret.

496 1853 793 1942 [augum
839 1866 1017 1921 esset
1049 1850 1343 1945 singulas
1388 1849 1530 1945 ejus
1567 1850 1795 1937 dotes,
1833 1850 2170 1942 animique
2223 1848 2432 1921 virtu-

410 1980 509 2035 tes
544 1985 925 2033 enumerare
946 2013 963 2032 .
1004 1963 1162 2033 Non
1202 1962 1435 2033 tacebo
1473 1980 1696 2034 tamen
1739 1964 1820 2033 de
1856 1964 2036 2035 illius
2069 1961 2434 2051 modestia,

409 2100 578 2171 quae
628 2078 701 2145 in
750 2094 887 2147 tam
942 2076 1259 2147 honorato
1310 2092 1377 2145 et
1415 2076 1656 2147 illustri
1707 2078 1844 2147 viro
1881 2077 2130 2147 eximia
2169 2100 2432 2167 prorsus
2553 2163 2557 2170 .

413 2213 491 2260 ae
528 2213 731 2281 prope
766 2190 1033 2259 heroica
1058 2241 1075 2257 .
1120 2190 1247 2259 Ille
1288 2213 1648 2281 numquam
1689 2191 2164 2280 propemodum
2224 2190 2307 2259 de
2357 2212 2434 2263 so

410 2306 624 2397 loqui.
655 2305 727 2377 Si
766 2305 1026 2398 quando
1062 2306 1145 2375 de
1178 2306 1355 2396 ipso,
1396 2307 1503 2376 vel
1540 2308 1624 2377 de
1663 2306 1802 2402 ejus
1853 2308 2160 2397 operibus
2211 2332 2434 2379 sermo

417 2418 776 2506 incideret,
806 2417 893 2490 ab
929 2419 1163 2490 eodem
1190 2420 1413 2494 statim
1454 2420 1559 2490 vel
1585 2420 1822 2490 mutari
1847 2438 1916 2491 et
1949 2420 2296 2513 abrumpi,
2323 2422 2432 2495 vel

400 2558 540 2610 -non
577 2537 725 2608 sine
761 2555 1141 2630 contemptu
1178 2539 1315 2609 fleri
1342 2591 1358 2608 .
1400 2539 1546 2612 Sibi
1584 2540 1644 2608 is
1683 2563 1910 2608 cavere
1945 2562 2208 2628 semper
2242 2539 2328 2610 ab
2363 2565 2432 2609 o-

408 2647 716 2738 mnibus,
751 2673 921 2742 quae
978 2651 1049 2720 in
1102 2652 1204 2721 sui
1229 2691 1235 2698 ·
1260 2652 1527 2723 laudem
1567 2669 1836 2744 possent
1872 2651 2271 2736 redundare3
2331 2651 2428 2722 ita

403 2783 676 2854 tamen,
712 2784 789 2838 ut
832 2769 904 2838 id
958 2793 1043 2838 ex
1092 2771 1491 2863 negligentia
1526 2773 1745 2864 potius
1766 2823 1789 2858 ,
1825 2795 2022 2862 quam
2077 2791 2162 2838 ex
2215 2766 2423 2838 animi

404 2883 857 2956 moderatione
894 2883 1213 2974 proficisci
1244 2885 1573 2957 videretur
1591 2941 1607 2956 .
1637 2885 1972 2958 Virtutem
2005 2907 2200 2954 unam
2231 2904 2424 2974 quae-

402 2997 625 3085 rebat,
672 3021 803 3069 non
835 2997 1099 3070 laudem
1138 2999 1687 3092 splendoremque
1741 2999 2000 3070 virtutis
2027 3050 2044 3067 .
2085 2997 2258 3066 Hine
2305 2995 2422 3068 ille

406 3111 658 3182 nullam
682 3163 703 3196 ,
740 3110 869 3180 nisi
911 3127 1171 3182 coaetus
1198 3163 1217 3196 ,
1255 3112 1695 3184 eruditionem
1735 3113 2116 3182 ostendere:
2157 3134 2285 3180 non
2317 3109 2426 3180 lit-

408 3234 765 3294 teratorum
798 3223 1142 3298 hominum
1191 3226 1730 3298 consuetudinem
1777 3225 2119 3308 affectare,
2157 3249 2288 3294 non
2345 3223 2424 3294 ti-

407 3333 579 3406 tulos
618 3359 693 3405 ae
728 3359 965 3408 nomen
1010 3361 1362 3429 quaerere,
1394 3365 1523 3408 non
1564 3328 2270 3410 aliorum'comitatum
2307 3336 2420 3408 ad·-

400 3453 667 3526 mittere
684 3507 707 3540 ,
754 3451 925 3524 adeo
977 3465 1055 3526 ut
1090 3455 1427 3548 plerique,
1480 3454 1719 3546 quibus
1763 3481 2044 3550 magnos
2077 3455 2247 3526 viros·
2295 3473 2418 3549 per

400 3565 839 3640 ambitionem
874 3567 1233 3640 aestimare
1267 3593 1413 3640 mos
1455 3581 1555 3640 est
1573 3622 1596 3658 ‚
1633 3569 1780 3639 viso
1835 3581 2227 3662 aspectoque
2261 3568 2416 3638 'rri-

403 3683 642 3757 venato
656 3737 681 3774 ,
705 3699 1099 3778 quaererent
1108 3687 1399 3776 famam,
1417 3688 1620 3781 pauci
1643 3688 2238 3782 interpretarentur
2265 3685 2372 3780 (ι)
2391 3733 2414 3760 .
2509 3749 2524 3763 .

1082 3835 1245 3862 m

1575 3837 1740 3864 mm

481 3935 583 4026 (ι)
624 3939 875 4007 Taeitus
908 3941 977 4007 in
1012 3942 1135 4008 vita
1166 3943 1313 4011 Julii
1339 3945 1642 4031 Agricolae
1677 3967 1732 4009 o.
1769 3949 1874 4027 4ο.
1911 3943 2066 4012 cirea
2098 3941 2308 4024 finem,
