<?xml version="1.0" encoding="UTF-8"?>
<!DOCTYPE html PUBLIC "-//W3C//DTD XHTML 1.0 Transitional//EN"
    "http://www.w3.org/TR/xhtml1/DTD/xhtml1-transitional.dtd">
<html xmlns="http://www.w3.org/1999/xhtml" xml:lang="en" lang="en">
 <head>
  <title>
</title>
<meta http-equiv="Content-Type" content="text/html;charset=utf-8" />
  <meta name='ocr-system' content='tesseract 3.04.00' />
  <meta name='ocr-capabilities' content='ocr_page ocr_carea ocr_par ocr_line ocrx_word'/>
</head>
<body>
  <div class='ocr_page' id='page_1' title='image "./vitaevirorumill01melagoog_0199.png"; bbox 0 0 3125 4975; ppageno 0'>
   <div class='ocr_carea' id='block_1_1' title="bbox 764 370 2816 1532">
    <p class='ocr_par' dir='ltr' id='par_1_1' title="bbox 764 370 1918 445">
     <span class='ocr_line' id='line_1_1' title="bbox 764 370 1918 445; baseline -0.007 -2"><span class='ocrx_word' id='word_1_1' title='bbox 764 370 849 445; x_wconf 73' lang='lat'>23</span> <span class='ocrx_word' id='word_1_2' title='bbox 870 394 909 442; x_wconf 85' lang='lat'><strong>2</strong></span> <span class='ocrx_word' id='word_1_3' title='bbox 1560 375 1594 406; x_wconf 74' lang='lat'>⁴</span> <span class='ocrx_word' id='word_1_4' title='bbox 1751 380 1918 437; x_wconf 64' lang='lat' dir='ltr'>vra-A</span> 
     </span>
    </p>

    <p class='ocr_par' dir='ltr' id='par_1_2' title="bbox 770 506 2816 835">
     <span class='ocr_line' id='line_1_2' title="bbox 770 506 2812 605; baseline 0.004 -24"><span class='ocrx_word' id='word_1_5' title='bbox 770 514 953 582; x_wconf 75' lang='lat' dir='ltr'>brevi</span> <span class='ocrx_word' id='word_1_6' title='bbox 994 524 1283 580; x_wconf 83' lang='lat' dir='ltr'>orasset.</span> <span class='ocrx_word' id='word_1_7' title='bbox 1326 510 1516 578; x_wconf 88' lang='lat' dir='ltr'>Hanc</span> <span class='ocrx_word' id='word_1_8' title='bbox 1558 506 1848 577; x_wconf 83' lang='lat' dir='ltr'><strong>tamdem</strong></span> <span class='ocrx_word' id='word_1_9' title='bbox 1891 506 2132 600; x_wconf 80' lang='lat' dir='ltr'>exponi</span> <span class='ocrx_word' id='word_1_10' title='bbox 2173 511 2504 601; x_wconf 81' lang='lat' dir='ltr'>quondam</span> <span class='ocrx_word' id='word_1_11' title='bbox 2543 512 2812 605; x_wconf 78' lang='lat' dir='ltr'>publice</span> 
     </span>
     <span class='ocr_line' id='line_1_3' title="bbox 777 626 2816 725; baseline 0.004 -26"><span class='ocrx_word' id='word_1_12' title='bbox 777 631 847 699; x_wconf 84' lang='lat' dir='ltr'>in</span> <span class='ocrx_word' id='word_1_13' title='bbox 906 629 1153 719; x_wconf 88' lang='lat' dir='ltr'>templo</span> <span class='ocrx_word' id='word_1_14' title='bbox 1210 626 1404 720; x_wconf 80' lang='lat' dir='ltr'>jussit</span> <span class='ocrx_word' id='word_1_15' title='bbox 1440 627 1944 714; x_wconf 86' lang='lat' dir='ltr'>lemniscatam,</span> <span class='ocrx_word' id='word_1_16' title='bbox 1983 629 2272 700; x_wconf 79' lang='lat' dir='ltr'>accensis</span> <span class='ocrx_word' id='word_1_17' title='bbox 2311 630 2400 701; x_wconf 85' lang='lat' dir='ltr'>ad</span> <span class='ocrx_word' id='word_1_18' title='bbox 2435 630 2656 725; x_wconf 85' lang='lat' dir='ltr'>ipsam</span> <span class='ocrx_word' id='word_1_19' title='bbox 2711 662 2816 708; x_wconf 82' lang='lat' dir='ltr'>ce-</span> 
     </span>
     <span class='ocr_line' id='line_1_4' title="bbox 778 740 2486 835; baseline 0.001 -22"><span class='ocrx_word' id='word_1_20' title='bbox 778 744 908 813; x_wconf 83' lang='lat' dir='ltr'>reis</span> <span class='ocrx_word' id='word_1_21' title='bbox 949 742 1121 811; x_wconf 87' lang='lat' dir='ltr'>XIV</span> <span class='ocrx_word' id='word_1_22' title='bbox 1166 741 1310 811; x_wconf 80' lang='lat' dir='ltr'>Cal.</span> <span class='ocrx_word' id='word_1_23' title='bbox 1348 740 1561 811; x_wconf 86' lang='lat' dir='ltr'>Julias</span> <span class='ocrx_word' id='word_1_24' title='bbox 1583 792 1604 826; x_wconf 92' lang='lat'>,</span> <span class='ocrx_word' id='word_1_25' title='bbox 1643 740 1754 810; x_wconf 88' lang='lat' dir='ltr'>die</span> <span class='ocrx_word' id='word_1_26' title='bbox 1791 744 1867 811; x_wconf 89' lang='grc' dir='ltr'>Β.</span> <span class='ocrx_word' id='word_1_27' title='bbox 1907 742 2224 835; x_wconf 81' lang='lat' dir='ltr'>Gregorio</span> <span class='ocrx_word' id='word_1_28' title='bbox 2261 767 2486 814; x_wconf 79' lang='lat' dir='ltr'>sacra.</span> 
     </span>
    </p>

    <p class='ocr_par' dir='ltr' id='par_1_3' title="bbox 770 852 2812 1310">
     <span class='ocr_line' id='line_1_5' title="bbox 868 852 2806 951; baseline 0.003 -24"><span class='ocrx_word' id='word_1_29' title='bbox 868 858 1121 929; x_wconf 83' lang='lat' dir='ltr'>Habuit</span> <span class='ocrx_word' id='word_1_30' title='bbox 1154 857 1374 948; x_wconf 88' lang='lat' dir='ltr'>plures</span> <span class='ocrx_word' id='word_1_31' title='bbox 1410 852 1644 923; x_wconf 85' lang='lat' dir='ltr'>fratres</span> <span class='ocrx_word' id='word_1_32' title='bbox 1663 906 1684 939; x_wconf 91' lang='lat'>,</span> <span class='ocrx_word' id='word_1_33' title='bbox 1723 854 1794 923; x_wconf 87' lang='lat' dir='ltr'>in</span> <span class='ocrx_word' id='word_1_34' title='bbox 1825 854 1932 923; x_wconf 81' lang='lat' dir='ltr'>his</span> <span class='ocrx_word' id='word_1_35' title='bbox 1955 855 2350 948; x_wconf 79' lang='lat' dir='ltr'>cajetanum</span> <span class='ocrx_word' id='word_1_36' title='bbox 2375 856 2446 927; x_wconf 86' lang='lat' dir='ltr'>in</span> <span class='ocrx_word' id='word_1_37' title='bbox 2491 863 2806 951; x_wconf 78' lang='lat' dir='ltr'>patavino</span> 
     </span>
     <span class='ocr_line' id='line_1_6' title="bbox 778 974 2812 1067; baseline 0.002 -20"><span class='ocrx_word' id='word_1_38' title='bbox 778 976 1147 1047; x_wconf 81' lang='lat' dir='ltr'>seminario</span> <span class='ocrx_word' id='word_1_39' title='bbox 1184 974 1559 1043; x_wconf 82' lang='lat' dir='ltr'>institutum</span> <span class='ocrx_word' id='word_1_40' title='bbox 1581 1024 1604 1058; x_wconf 93' lang='lat'>,</span> <span class='ocrx_word' id='word_1_41' title='bbox 1641 996 1880 1065; x_wconf 82' lang='lat' dir='ltr'>magna</span> <span class='ocrx_word' id='word_1_42' title='bbox 1917 974 2002 1043; x_wconf 88' lang='lat' dir='ltr'>de</span> <span class='ocrx_word' id='word_1_43' title='bbox 2039 998 2115 1047; x_wconf 79' lang='lat' dir='ltr'>se</span> <span class='ocrx_word' id='word_1_44' title='bbox 2156 976 2532 1067; x_wconf 85' lang='lat' dir='ltr'>pollicitum</span> <span class='ocrx_word' id='word_1_45' title='bbox 2569 981 2676 1049; x_wconf 77' lang='lat' dir='ltr'>vel</span> <span class='ocrx_word' id='word_1_46' title='bbox 2725 1003 2812 1051; x_wconf 79' lang='lat' dir='ltr'>cx</span> 
     </span>
     <span class='ocr_line' id='line_1_7' title="bbox 774 1092 2805 1190; baseline 0.002 -25"><span class='ocrx_word' id='word_1_47' title='bbox 774 1093 1183 1190; x_wconf 80' lang='lat' dir='ltr'>primordiis,</span> <span class='ocrx_word' id='word_1_48' title='bbox 1214 1093 1511 1186; x_wconf 77' lang='lat' dir='ltr'>ejusdcm</span> <span class='ocrx_word' id='word_1_49' title='bbox 1542 1108 1888 1182; x_wconf 88' lang='lat' dir='ltr'>propterea</span> <span class='ocrx_word' id='word_1_50' title='bbox 1916 1092 2274 1165; x_wconf 80' lang='lat' dir='ltr'>seminarii</span> <span class='ocrx_word' id='word_1_51' title='bbox 2299 1094 2805 1169; x_wconf 82' lang='lat' dir='ltr'>beneficentiam</span> 
     </span>
     <span class='ocr_line' id='line_1_8' title="bbox 770 1210 2804 1310; baseline 0.001 -24"><span class='ocrx_word' id='word_1_52' title='bbox 770 1228 1120 1306; x_wconf 85' lang='lat' dir='ltr'>expertum</span> <span class='ocrx_word' id='word_1_53' title='bbox 1154 1210 1527 1281; x_wconf 88' lang='lat' dir='ltr'>Cardinalis</span> <span class='ocrx_word' id='word_1_54' title='bbox 1569 1210 1860 1281; x_wconf 87' lang='lat' dir='ltr'>Cornelii</span> <span class='ocrx_word' id='word_1_55' title='bbox 1883 1212 2192 1305; x_wconf 78' lang='lat' dir='ltr'>&#39;episcopi</span> <span class='ocrx_word' id='word_1_56' title='bbox 2233 1216 2526 1305; x_wconf 77' lang='lat' dir='ltr'>patavini</span> <span class='ocrx_word' id='word_1_57' title='bbox 2583 1215 2804 1310; x_wconf 84' lang='lat' dir='ltr'>jussu.</span> 
     </span>
    </p>

    <p class='ocr_par' dir='ltr' id='par_1_4' title="bbox 782 1323 2806 1532">
     <span class='ocr_line' id='line_1_9' title="bbox 864 1323 2806 1422; baseline 0.001 -22"><span class='ocrx_word' id='word_1_58' title='bbox 864 1328 1017 1400; x_wconf 85' lang='lat' dir='ltr'>Fuit</span> <span class='ocrx_word' id='word_1_59' title='bbox 1066 1326 1177 1395; x_wconf 88' lang='lat' dir='ltr'>hic</span> <span class='ocrx_word' id='word_1_60' title='bbox 1240 1323 1537 1395; x_wconf 82' lang='lat' dir='ltr'>maximo</span> <span class='ocrx_word' id='word_1_61' title='bbox 1593 1323 1923 1413; x_wconf 84' lang='lat' dir='ltr'>praesidio</span> <span class='ocrx_word' id='word_1_62' title='bbox 1977 1324 2164 1399; x_wconf 87' lang='lat' dir='ltr'>fratri</span> <span class='ocrx_word' id='word_1_63' title='bbox 2195 1380 2217 1413; x_wconf 93' lang='lat'>,</span> <span class='ocrx_word' id='word_1_64' title='bbox 2287 1330 2402 1421; x_wconf 85' lang='lat' dir='ltr'>qui</span> <span class='ocrx_word' id='word_1_65' title='bbox 2455 1328 2806 1422; x_wconf 77' lang='lat' dir='ltr'>collegium</span> 
     </span>
     <span class='ocr_line' id='line_1_10' title="bbox 782 1436 2806 1532; baseline 0 -18"><span class='ocrx_word' id='word_1_66' title='bbox 782 1442 1197 1526; x_wconf 74' lang='lat' dir='ltr'>instituerat,</span> <span class='ocrx_word' id='word_1_67' title='bbox 1250 1438 1325 1511; x_wconf 85' lang='lat' dir='ltr'>in&#39;</span> <span class='ocrx_word' id='word_1_68' title='bbox 1360 1436 1932 1511; x_wconf 81' lang='lat' dir='ltr'>administratione</span> <span class='ocrx_word' id='word_1_69' title='bbox 1973 1442 2328 1532; x_wconf 87' lang='lat' dir='ltr'>praecipue</span> <span class='ocrx_word' id='word_1_70' title='bbox 2363 1444 2460 1513; x_wconf 88' lang='lat' dir='ltr'>rei</span> <span class='ocrx_word' id='word_1_71' title='bbox 2515 1440 2806 1515; x_wconf 82' lang='lat' dir='ltr'>familia-</span> 
     </span>
    </p>
   </div>
   <div class='ocr_carea' id='block_1_2' title="bbox 774 1550 2808 1881">
    <p class='ocr_par' dir='ltr' id='par_1_5' title="bbox 774 1550 2808 1881">
     <span class='ocr_line' id='line_1_11' title="bbox 774 1550 2800 1641; baseline -0.003 -15"><span class='ocrx_word' id='word_1_72' title='bbox 774 1558 867 1627; x_wconf 87' lang='lat' dir='ltr'>ris</span> <span class='ocrx_word' id='word_1_73' title='bbox 892 1608 909 1625; x_wconf 89' lang='lat'><strong>.</strong></span> <span class='ocrx_word' id='word_1_74' title='bbox 964 1554 1256 1625; x_wconf 86' lang='lat' dir='ltr'>Valebat</span> <span class='ocrx_word' id='word_1_75' title='bbox 1312 1552 1492 1623; x_wconf 88' lang='lat' dir='ltr'>enim</span> <span class='ocrx_word' id='word_1_76' title='bbox 1546 1550 1694 1641; x_wconf 88' lang='lat' dir='ltr'>ipse</span> <span class='ocrx_word' id='word_1_77' title='bbox 1725 1552 2091 1641; x_wconf 84' lang='lat' dir='ltr'>plurimum</span> <span class='ocrx_word' id='word_1_78' title='bbox 2129 1580 2280 1628; x_wconf 80' lang='lat' dir='ltr'>cum</span> <span class='ocrx_word' id='word_1_79' title='bbox 2317 1558 2556 1628; x_wconf 64' lang='lat' dir='ltr'>ceteris</span> <span class='ocrx_word' id='word_1_80' title='bbox 2607 1559 2800 1629; x_wconf 71' lang='lat' dir='ltr'>honis</span> 
     </span>
     <span class='ocr_line' id='line_1_12' title="bbox 786 1666 2808 1763; baseline 0.001 -22"><span class='ocrx_word' id='word_1_81' title='bbox 786 1668 1067 1755; x_wconf 82' lang='lat' dir='ltr'>artibus,</span> <span class='ocrx_word' id='word_1_82' title='bbox 1106 1684 1249 1739; x_wconf 88' lang='lat' dir='ltr'>tum</span> <span class='ocrx_word' id='word_1_83' title='bbox 1298 1666 1502 1735; x_wconf 87' lang='lat' dir='ltr'>etiam</span> <span class='ocrx_word' id='word_1_84' title='bbox 1558 1670 1637 1747; x_wconf 72' lang='grc' dir='ltr'>τῑῐ</span> <span class='ocrx_word' id='word_1_85' title='bbox 1679 1668 2024 1755; x_wconf 70' lang='grc' dir='ltr'>οἰκονομίᾳ,</span> <span class='ocrx_word' id='word_1_86' title='bbox 2061 1696 2193 1763; x_wconf 88' lang='lat' dir='ltr'>qua</span> <span class='ocrx_word' id='word_1_87' title='bbox 2255 1696 2385 1741; x_wconf 87' lang='lat' dir='ltr'>non</span> <span class='ocrx_word' id='word_1_88' title='bbox 2445 1674 2808 1743; x_wconf 84' lang='lat' dir='ltr'>admodum</span> 
     </span>
     <span class='ocr_line' id='line_1_13' title="bbox 778 1786 2804 1881; baseline 0.003 -25"><span class='ocrx_word' id='word_1_89' title='bbox 778 1794 810 1881; x_wconf 85' lang='lat'><strong>(</strong></span> <span class='ocrx_word' id='word_1_90' title='bbox 854 1805 925 1861; x_wconf 83' lang='lat' dir='ltr'>ut</span> <span class='ocrx_word' id='word_1_91' title='bbox 962 1787 1259 1878; x_wconf 89' lang='lat' dir='ltr'>plerique</span> <span class='ocrx_word' id='word_1_92' title='bbox 1296 1786 1740 1857; x_wconf 84' lang='lat' dir='ltr'>litteratorum</span> <span class='ocrx_word' id='word_1_93' title='bbox 1787 1790 1814 1869; x_wconf 93' lang='lat'><strong>)</strong></span> <span class='ocrx_word' id='word_1_94' title='bbox 1863 1788 2126 1859; x_wconf 86' lang='lat' dir='ltr'>valebat</span> <span class='ocrx_word' id='word_1_95' title='bbox 2161 1788 2584 1861; x_wconf 81' lang='lat' dir='ltr'>Sebastianus</span> <span class='ocrx_word' id='word_1_96' title='bbox 2619 1845 2638 1875; x_wconf 94' lang='lat'>‚</span> <span class='ocrx_word' id='word_1_97' title='bbox 2687 1796 2804 1881; x_wconf 81' lang='lat' dir='ltr'>qui</span> 
     </span>
    </p>
   </div>
   <div class='ocr_carea' id='block_1_3' title="bbox 776 1896 2800 2087">
    <p class='ocr_par' dir='ltr' id='par_1_6' title="bbox 776 1896 2800 2087">
     <span class='ocr_line' id='line_1_14' title="bbox 778 1896 2800 1997; baseline 0.002 -25"><span class='ocrx_word' id='word_1_98' title='bbox 778 1896 1080 1993; x_wconf 73' lang='lat' dir='ltr'>Caietani</span> <span class='ocrx_word' id='word_1_99' title='bbox 1118 1902 1472 1972; x_wconf 85' lang='lat' dir='ltr'>immatura</span> <span class='ocrx_word' id='word_1_100' title='bbox 1507 1918 1718 1974; x_wconf 85' lang='lat' dir='ltr'>morte</span> <span class='ocrx_word' id='word_1_101' title='bbox 1754 1904 2086 1997; x_wconf 85' lang='lat' dir='ltr'>praerepti</span> <span class='ocrx_word' id='word_1_102' title='bbox 2123 1904 2490 1996; x_wconf 88' lang='lat' dir='ltr'>sepulcrum</span> <span class='ocrx_word' id='word_1_103' title='bbox 2529 1906 2638 1997; x_wconf 84' lang='lat'>(1)</span> <span class='ocrx_word' id='word_1_104' title='bbox 2675 1906 2800 1976; x_wconf 86' lang='lat' dir='ltr'>hoc</span> 
     </span>
     <span class='ocr_line' id='line_1_15' title="bbox 776 2016 1299 2087; baseline 0 -2"><span class='ocrx_word' id='word_1_105' title='bbox 776 2016 966 2087; x_wconf 85' lang='lat' dir='ltr'>titulo</span> <span class='ocrx_word' id='word_1_106' title='bbox 1004 2016 1299 2087; x_wconf 76' lang='lat' dir='ltr'>ornavit:</span> 
     </span>
    </p>
   </div>
   <div class='ocr_carea' id='block_1_4' title="bbox 982 2348 2654 2439">
    <p class='ocr_par' dir='ltr' id='par_1_7' title="bbox 982 2348 2654 2439">
     <span class='ocr_line' id='line_1_16' title="bbox 982 2348 2654 2439; baseline -0.004 -4"><span class='ocrx_word' id='word_1_107' title='bbox 982 2348 1445 2437; x_wconf 76' lang='lat' dir='ltr'>cAmTANo</span> <span class='ocrx_word' id='word_1_108' title='bbox 1477 2365 1974 2437; x_wconf 78' lang='lat' dir='ltr'>FRANzoNo</span> <span class='ocrx_word' id='word_1_109' title='bbox 2007 2364 2584 2439; x_wconf 77' lang='lat' dir='ltr'>PRESBYTERO</span> <span class='ocrx_word' id='word_1_110' title='bbox 2637 2410 2654 2427; x_wconf 68' lang='grc'>,</span> 
     </span>
    </p>
   </div>
   <div class='ocr_carea' id='block_1_5' title="bbox 786 2480 2698 2789">
    <p class='ocr_par' dir='ltr' id='par_1_8' title="bbox 786 2480 2698 2789">
     <span class='ocr_line' id='line_1_17' title="bbox 786 2480 2698 2559; baseline -0.001 -3"><span class='ocrx_word' id='word_1_111' title='bbox 786 2517 791 2528; x_wconf 92' lang='grc'><em>·</em></span> <span class='ocrx_word' id='word_1_112' title='bbox 883 2484 987 2559; x_wconf 88' lang='lat' dir='ltr'>IN</span> <span class='ocrx_word' id='word_1_113' title='bbox 1022 2485 1325 2557; x_wconf 88' lang='lat' dir='ltr'><strong>MEDIO</strong></span> <span class='ocrx_word' id='word_1_114' title='bbox 1362 2485 1747 2558; x_wconf 81' lang='lat' dir='ltr'><strong>AETATIS</strong></span> <span class='ocrx_word' id='word_1_115' title='bbox 1783 2489 1901 2555; x_wconf 90' lang='lat' dir='ltr'>ET</span> <span class='ocrx_word' id='word_1_116' title='bbox 1937 2487 2356 2556; x_wconf 83' lang='lat' dir='ltr'>DOCENDI</span> <span class='ocrx_word' id='word_1_117' title='bbox 2393 2480 2698 2555; x_wconf 84' lang='lat' dir='ltr'>CVRSV</span> 
     </span>
     <span class='ocr_line' id='line_1_18' title="bbox 1509 2603 2034 2672; baseline -0.01 0"><span class='ocrx_word' id='word_1_118' title='bbox 1509 2603 2034 2672; x_wconf 83' lang='lat' dir='ltr'>PRAEREPTO</span> 
     </span>
     <span class='ocr_line' id='line_1_19' title="bbox 1171 2708 2374 2789; baseline -0.009 0"><span class='ocrx_word' id='word_1_119' title='bbox 1171 2714 1788 2789; x_wconf 83' lang='lat' dir='ltr'><strong>SEBASTIANVS</strong></span> <span class='ocrx_word' id='word_1_120' title='bbox 1822 2715 1876 2779; x_wconf 91' lang='lat' dir='ltr'><strong>F</strong></span> <span class='ocrx_word' id='word_1_121' title='bbox 1877 2708 2374 2778; x_wconf 80' lang='lat' dir='ltr'><strong>RANZONVS</strong></span> 
     </span>
    </p>
   </div>
   <div class='ocr_carea' id='block_1_6' title="bbox 1008 2825 2548 3018">
    <p class='ocr_par' dir='ltr' id='par_1_9' title="bbox 1008 2825 2548 3018">
     <span class='ocr_line' id='line_1_20' title="bbox 1244 2825 2308 2900; baseline -0.004 0"><span class='ocrx_word' id='word_1_122' title='bbox 1244 2831 1592 2900; x_wconf 82' lang='lat' dir='ltr'>FRATER</span> <span class='ocrx_word' id='word_1_123' title='bbox 1629 2825 2308 2898; x_wconf 88' lang='lat' dir='ltr'>MOESTISSIMVS</span> 
     </span>
     <span class='ocr_line' id='line_1_21' title="bbox 1008 2944 2548 3018; baseline -0.001 -1"><span class='ocrx_word' id='word_1_124' title='bbox 1008 2947 1431 3017; x_wconf 88' lang='lat' dir='ltr'>COLLEGII</span> <span class='ocrx_word' id='word_1_125' title='bbox 1468 2945 1939 3018; x_wconf 90' lang='lat' dir='ltr'>NOBILIVM</span> <span class='ocrx_word' id='word_1_126' title='bbox 1973 2944 2548 3016; x_wconf 85' lang='lat' dir='ltr'>MODERATOR</span> 
     </span>
    </p>
   </div>
   <div class='ocr_carea' id='block_1_7' title="bbox 1119 3062 2440 3247">
    <p class='ocr_par' dir='ltr' id='par_1_10' title="bbox 1119 3062 2440 3247">
     <span class='ocr_line' id='line_1_22' title="bbox 1119 3062 2440 3247; baseline -0.001 -3"><span class='ocrx_word' id='word_1_127' title='bbox 1119 3175 1241 3246; x_wconf 83' lang='lat' dir='ltr'>AN</span> <span class='ocrx_word' id='word_1_128' title='bbox 1252 3175 1340 3246; x_wconf 88' lang='lat' dir='ltr'>N.</span> <span class='ocrx_word' id='word_1_129' title='bbox 1379 3062 2440 3247; x_wconf 50' lang='lat' dir='ltr'>Doli11Ni&#39;·MDccxxxV111.</span> 
     </span>
    </p>
   </div>
   <div class='ocr_carea' id='block_1_8' title="bbox 746 3515 2790 3735">
    <p class='ocr_par' dir='ltr' id='par_1_11' title="bbox 746 3515 2790 3735">
     <span class='ocr_line' id='line_1_23' title="bbox 746 3515 2790 3613; baseline 0.001 -26"><span class='ocrx_word' id='word_1_130' title='bbox 746 3533 755 3548; x_wconf 91' lang='lat'><strong>·</strong></span> <span class='ocrx_word' id='word_1_131' title='bbox 853 3518 984 3608; x_wconf 88' lang='lat' dir='ltr'>Qui</span> <span class='ocrx_word' id='word_1_132' title='bbox 1042 3520 1415 3589; x_wconf 81' lang='lat' dir='ltr'>diutissime</span> <span class='ocrx_word' id='word_1_133' title='bbox 1474 3522 1761 3608; x_wconf 84' lang='lat' dir='ltr'>vixerat,</span> <span class='ocrx_word' id='word_1_134' title='bbox 1821 3521 2155 3613; x_wconf 85' lang='lat' dir='ltr'>perculsus</span> <span class='ocrx_word' id='word_1_135' title='bbox 2217 3526 2562 3610; x_wconf 64' lang='grc' dir='ltr'><strong><em>ἀποπληξίᾳ</em></strong></span> <span class='ocrx_word' id='word_1_136' title='bbox 2617 3515 2790 3590; x_wconf 78' lang='lat' dir='ltr'>obiit</span> 
     </span>
     <span class='ocr_line' id='line_1_24' title="bbox 772 3640 2787 3735; baseline -0 -25"><span class='ocrx_word' id='word_1_137' title='bbox 772 3663 971 3732; x_wconf 86' lang='lat' dir='ltr'>quam</span> <span class='ocrx_word' id='word_1_138' title='bbox 1008 3640 1393 3725; x_wconf 85' lang='lat' dir='ltr'>celerrime,</span> <span class='ocrx_word' id='word_1_139' title='bbox 1427 3644 1529 3709; x_wconf 93' lang='lat' dir='ltr'>III</span> <span class='ocrx_word' id='word_1_140' title='bbox 1585 3643 1844 3713; x_wconf 82' lang='lat' dir='ltr'>scilicet</span> <span class='ocrx_word' id='word_1_141' title='bbox 1897 3642 2042 3712; x_wconf 89' lang='lat' dir='ltr'>Cal.</span> <span class='ocrx_word' id='word_1_142' title='bbox 2079 3642 2332 3735; x_wconf 84' lang='lat' dir='ltr'>Aprilis</span> <span class='ocrx_word' id='word_1_143' title='bbox 2379 3661 2528 3710; x_wconf 85' lang='lat' dir='ltr'>ann.</span> <span class='ocrx_word' id='word_1_144' title='bbox 2575 3663 2787 3735; x_wconf 82' lang='lat'>1779,</span> 
     </span>
    </p>
   </div>
   <div class='ocr_carea' id='block_1_9' title="bbox 1445 3843 2104 3878">
    <p class='ocr_par' dir='ltr' id='par_1_12' title="bbox 1445 3843 2104 3878">
     <span class='ocr_line' id='line_1_25' title="bbox 1445 3843 2104 3878; baseline 0.009 -8"><span class='ocrx_word' id='word_1_145' title='bbox 1445 3843 1525 3870; x_wconf 56' lang='lat' dir='ltr'>m</span> <span class='ocrx_word' id='word_1_146' title='bbox 1530 3847 2104 3878; x_wconf 56' lang='lat' dir='ltr'>mmmm</span> 
     </span>
    </p>
   </div>
   <div class='ocr_carea' id='block_1_10' title="bbox 848 4009 2792 4098">
    <p class='ocr_par' dir='ltr' id='par_1_13' title="bbox 848 4009 2792 4098">
     <span class='ocr_line' id='line_1_26' title="bbox 848 4009 2792 4098; baseline -0.005 -19"><span class='ocrx_word' id='word_1_147' title='bbox 848 4017 950 4098; x_wconf 80' lang='grc' dir='ltr'>(ι)</span> <span class='ocrx_word' id='word_1_148' title='bbox 986 4012 1155 4078; x_wconf 81' lang='lat' dir='ltr'>Exst.</span> <span class='ocrx_word' id='word_1_149' title='bbox 1198 4011 1307 4077; x_wconf 83' lang='lat' dir='ltr'>hoc</span> <span class='ocrx_word' id='word_1_150' title='bbox 1342 4015 1568 4078; x_wconf 79' lang='lat' dir='ltr'>Patavii</span> <span class='ocrx_word' id='word_1_151' title='bbox 1603 4015 1666 4075; x_wconf 77' lang='lat' dir='ltr'>in</span> <span class='ocrx_word' id='word_1_152' title='bbox 1705 4015 1942 4077; x_wconf 78' lang='lat' dir='ltr'>ecclesia</span> <span class='ocrx_word' id='word_1_153' title='bbox 1979 4016 2237 4076; x_wconf 84' lang='lat' dir='ltr'>Fratrum</span> <span class='ocrx_word' id='word_1_154' title='bbox 2275 4009 2740 4074; x_wconf 76' lang='lat' dir='ltr'>discalceatorum</span> <span class='ocrx_word' id='word_1_155' title='bbox 2761 4049 2792 4090; x_wconf 42' lang='grc' dir='ltr'><strong>ς</strong></span> 
     </span>
    </p>
   </div>
  </div>
 </body>
</html>
