3125 4975
1001 346 1278 396 :108th
1315 341 1672 398 namon
2180 322 2319 410 369

239 469 512 555 mensi,
577 462 836 536 ibidem
903 479 1053 554 post
1105 465 1322 549 edita,
1375 480 1446 532 et
1500 465 1569 532 in
1629 446 1955 556 anglicam
2008 465 2308 560 linguam

251 607 472 654 v-ersa
507 579 681 670 regis
719 575 932 667 ipsius
967 577 1184 668 jussu.
1226 577 1480 646 claruit
1517 575 1653 646 fere
1684 579 1865 646 omni
1894 601 2165 668 poeseos
2204 603 2313 670 ge-

253 722 482 782 nere3
519 693 695 786 quod
733 715 864 760 non
895 706 1030 759 tam
1056 687 1282 774 facile,
1321 689 1675 782 praecipue
1710 689 1965 760 homini
2006 709 2141 762 tam
2182 694 2313 764 dis-

257 809 622 882 similibus
661 804 900 876 studiis
937 803 1164 873 dedito
1185 853 1203 872 .
1563 807 1573 819 “

379 931 506 1001 His
571 944 666 998 tot
729 948 808 995 ac
867 941 1008 994 tam
1069 922 1460 1014 multiplicis
1511 923 1919 998 litteraturae
1966 927 2313 1016 praesidiis

193 1053 198 1056 ’
267 1071 602 1140 magnum
649 1068 888 1116 nomen
945 1042 1269 1122 obtinuit.
1327 1042 1436 1112 Ne
1473 1042 1729 1134 longior
1783 1045 1951 1133 sim;
1989 1045 2165 1118 viros
2212 1066 2318 1118 to..

274 1166 422 1241 tius
473 1165 706 1238 Italiae
759 1161 1178 1234 doctissimos
1213 1177 1283 1230 et
1319 1165 1617 1252 Europae
1663 1163 1985 1235 litteraria
2038 1191 2315 1238 consuo-

258 1283 522 1361 ‚tudine
575 1279 918 1350 devinctos
973 1275 1218 1345 tenuit.
1274 1273 1452 1363 Quin
1503 1275 1671 1366 ipsis
1720 1278 1983 1368 regibus
2019 1283 2315 1354 maxime

281 1409 600 1484 acceptus
638 1388 800 1477 fuit3
853 1412 1020 1478 quae
1077 1387 1348 1479 quidem
1385 1388 1528 1458 laus
1568 1391 1789 1482 magni
1828 1393 2130 1470 habenda
2160 1449 2175 1464 .
2217 1398 2311 1466 Il-

285 1509 410 1578 lnd
470 1526 728 1597 quoque
782 1502 910 1592 ipsi
971 1502 1398 1572 honorificum
1438 1503 1613 1593 quod
1660 1529 1777 1574 sua
1814 1505 2167 1598 disciplina
2206 1510 2315 1577 in-

292 1618 585 1692 stituerit
621 1616 834 1686 virum
875 1613 1311 1686 clarissimum
1341 1615 1707 1688 Deninam.
1726 1619 2017 1692 Plurima
2040 1645 2129 1690 ex
2163 1623 2269 1692 his
2292 1677 2315 1710 ‚

293 1759 464 1832 quae
521 1735 872 1819 hactenns,
927 1755 1192 1802 mecum
1228 1731 1510 1825 benigne
1548 1738 2063 1808 communicavit
2110 1742 2319 1812 Fran..

295 1857 508 1932 ciscus
555 1855 890 1943 Fanzagus
907 1903 929 1936 ,
977 1851 1078 1924 vir
1134 1851 1424 1922 eruditus
1465 1853 1883 1946 maximeque
1922 1875 2209 1928 versatus
2248 1861 2319 1931 in

289 1970 554 2060 scriptis
603 1965 894 2038 Bartholi
934 1965 1037 2036 sui
1083 1965 1477 2060 municipis.
1519 1967 1773 2042 Verum
1826 1967 1908 2038 de
1956 1969 2061 2040 his
2102 1974 2311 2044 satis:

295 2085 376 2158 ad
421 2103 636 2152 mor-es
673 2097 978 2152 transeo.
1630 2169 1633 2174 -

383 2199 490 2264 De
547 2191 785 2284 quibus
841 2216 920 2262 ea
967 2191 1226 2279 dicam,
1275 2217 1442 2286 quae
1495 2195 1677 2285 potui
1718 2219 1803 2270 ex
1840 2194 1981 2292 ejus
2018 2197 2206 2268 libris
2252 2215 2323 2270 et

296 2308 566 2384 aliunde
611 2305 950 2397 colligere.
979 2308 1140 2376 Erat
1176 2307 1402 2400 itaque
1439 2308 1506 2376 in
1547 2309 1849 2380 obeundo
1890 2335 2007 2382 suo
2048 2335 2323 2404 munere

298 2422 826 2501 accuratissimus
844 2473 867 2507 ‚
885 2446 1190 2515 magnam
1213 2440 1554 2517 propterea
1584 2424 1672 2495 ab
1710 2427 2017 2501 omnibus
2039 2432 2323 2521 gratiam

291 2544 495 2627 iniit,
529 2540 618 2613 ab
675 2542 1108 2611 Emmanuele
1149 2542 1536 2635 praesertim
1576 2544 1921 2617 Sardiniae
1958 2568 2151 2637 rege,
2202 2548 2315 2638 qui

295 2665 366 2735 in
429 2687 596 2733 eum.
647 2662 1046 2751 liberaliter3
1094 2662 1176 2735 de
1224 2687 1352 2753 quo
1407 2663 1739 2733 luculente
1792 2664 2179 2755 Bartholus,
2218 2666 2319 2735 uti

297 2778 619 2855 diximus.
641 2779 826 2867 Quae
851 2774 1030 2845 enim
1063 2775 1122 2845 is
1151 2794 1492 2869 acceperat
1519 2777 1865 2865 beneficia,
1899 2803 2030 2853 non
2066 2777 2325 2851 solebat

301 2912 561 2971 tantum
585 2910 768 2986 grato
791 2893 1000 2964 animi
1028 2918 1222 2965 sensu
1261 2897 1607 2989 prosequi,
1630 2898 1748 2968 sed
1774 2897 1977 2967 etiam
2000 2896 2324 2989 praeferre

295 3025 526 3101 aperte
542 3061 564 3093 ,
589 3023 658 3077 et
679 3006 1092 3076 occasionem
1117 3006 1449 3099 inquirere
1472 3012 1709 3081 eadem
1732 3010 2324 3083 commemorandi.

391 3158 430 3194 υ
465 3131 635 3198 Tam
685 3125 932 3217 insigni
969 3126 1288 3197 beneficio
1325 3128 1677 3201 obstrictus
1723 3130 1753 3219 ζ
1786 3130 1881 3199 sic
1918 3112 2145 3199 ille'in
2188 3131 2327 3221 epi·

303 3245 472 3317 stola
509 3245 595 3314 ad
625 3244 1090 3317 Sebastianum
1145 3246 1528 3336 Melinum)
1574 3270 1907 3337 nunquam
1960 3246 2185 3319 destiti
2226 3272 2329 3321 cor

302 3388 342 3425 υ
373 3358 646 3449 gitando
679 3410 696 3427 .
735 3409 758 3428 .
803 3408 820 3425 .
864 3408 880 3425 .
923 3356 1215 3443 conniti,
1257 3375 1332 3429 ut
1367 3360 1563 3431 citius
1596 3359 1757 3451 quid
1796 3357 2151 3451 proferrem
2186 3414 2203 3429 .
2246 3412 2264 3432 .
2306 3412 2327 3431 .

300 3506 339 3547 υ
373 3492 444 3545 et
483 3474 652 3568 grati
711 3475 919 3545 animi
975 3474 1266 3548 officium
1305 3494 1374 3548 et
1407 3476 1536 3547 tibi
1557 3530 1583 3565 ,
1617 3494 1687 3549 et
1720 3475 2093 3571 praesenti,
2130 3494 2198 3573 et
2228 3477 2327 3553 fun

301 3610 488 3665 turae
528 3594 732 3665 aetati
773 3594 1213 3687 significarem
1253 3598 1284 3687 ζ
1292 3600 1360 3687 1)
1385 3647 1403 3666 .

985 3744 1149 3770 mm
1155 3742 1561 3772 mmmmm
1566 3744 1646 3772 Μ

381 3849 484 3926 (r)
528 3850 594 3911 Iu
621 3848 862 3933 epistola
897 3852 1208 3931 praemissa
1246 3852 1667 3919 Commentario
1706 3854 1773 3917 P.
1816 3852 2084 3915 Lucet-mi
2117 3850 2181 3915 in
2216 3846 2327 3917 mi-

301 3952 468 4019 litem
509 3952 815 4037 gloriosum
855 3959 1074 4026 Plauti,

871 4038 964 4143 ²4

2030 4013 2116 4045 ,J-
