3125 4975
1013 334 1310 384 somnis
1347 333 1696 391 naum-rur
2222 314 2359 409 345

341 429 426 517 bd
475 446 922 537 episcopatum
957 470 1162 537 usque
1201 445 1507 537 perduxit
1542 448 1817 529 Joannis
1854 450 2197 519 Cacii.1n
2234 448 2361 519 hu-

345 559 448 651 ius
485 558 765 649 sepulcri
807 558 1026 647 lapide
1063 558 1452 654 inscriptum
1491 561 1737 649 reperit
1771 584 2028 631 versum
2086 563 2310 633 hunc
2292 586 2365 631 m

342 674 662 745 laudem
643 675 852 765 ipsius
891 674 1226 765 episcopi.

518 794 720 881 Inque
755 788 1184 866 sacerdotum
1221 817 1476 863 canone
1513 791 1749 865 doctor
1784 804 1933 865 erat
1952 848 1969 863 .

348 908 521 987 Hinc
576 910 984 997 occasionem
1027 911 1372 979 Brunatius
1414 909 1589 999 cepit
1644 911 1971 983 scribendi
2011 912 2094 983 de
2130 910 2369 981 litteris

351 1050 426 1095 ac
465 1025 770 1095 litteratis
821 1027 1022 1111 viris,
1073 1028 1184 1117 qui
1245 1028 1595 1097 floruerunt
1630 1028 1703 1097 id
1758 1031 2073 1118 temporis
2124 1031 2193 1099 in
2232 1033 2369 1099 Ita-

353 1146 486 1230 lia,
525 1146 612 1214 ab
649 1164 820 1214 anno
861 1170 1104 1235 nempe
1135 1146 1496 1217 millesimo
1535 1145 1621 1215 ad
1656 1147 1951 1217 medium
1988 1148 2247 1219 circiter
2284 1149 2375 1219 al-

349 1262 552 1329 terius
591 1260 674 1327 ab
714 1261 830 1328 illo
869 1260 1112 1329 saeculi
1135 1306 1152 1325 .

445 1376 614 1441 Acta
655 1371 857 1440 etiam
897 1372 966 1441 S.
1005 1371 1246 1441 Bellini
1285 1372 1577 1461 episcopi
1628 1373 1919 1463 patavini
1976 1374 2319 1466 descripsit
2351 1426 2373 1461 ,

355 1482 592 1572 quibus
631 1482 946 1553 illustrior
983 1482 1276 1551 redditur
1313 1482 1456 1577 ejus
1491 1484 1627 1553 vita
1650 1536 1667 1553 .
1707 1486 2051 1573 Quaedam
2109 1489 2375 1581 insuper

356 1601 666 1673 emendat
691 1618 758 1669 et
793 1600 1094 1691 corrigit,
1125 1622 1294 1690 quae
1323 1600 1716 1691 irrepserant
1745 1602 1833 1669 in·
1854 1603 1993 1695 ejus
2024 1604 2197 1673 vitae
2224 1630 2397 1697 qum.

365 1722 420 1789 si
462 1718 922 1809 compendium
948 1770 968 1802 ,
1019 1719 1194 1809 quod
1246 1719 1484 1808 legitur
1520 1720 1591 1787 in
1628 1719 1843 1791 officio
1880 1721 2013 1791 diei
2054 1723 2275 1793 eidem
2312 1724 2379 1795 S.

351 1834 604 1920 Bellino
641 1856 897 1903 sacrae.
941 1828 1122 1901 Haec
1157 1848 1382 1901 carent
1421 1832 1631 1901 adhuc
1678 1834 1823 1903 luce
1862 1834 2169 1924 publica·-

443 1950 595 2021 Alia
633 1962 964 2040 praeterea
1012 1968 1351 2019 occurrunt
1407 1950 1591 2021 illius
1649 1952 1997 2041 opuscula,
2052 1952 2379 2041 plurimae

352 2062 602 2153 passim
641 2061 958 2150 epistolae
995 2078 1064 2131 et
1101 2062 1536 2146 documenta,
1576 2062 1815 2153 quihus
1870 2063 2177 2140 omnibus
2216 2065 2371 2135 iun-

353 2190 594 2245 stratur
631 2174 736 2244 vel
773 2176 1101 2257 maxime,
1142 2198 1342 2265 quam
1400 2175 1530 2244 sibi
1592 2177 1968 2267 proposuit,
2003 2177 2223 2254 rudior
2258 2202 2395 2249 ae-·

357 2299 458 2358 tas
485 2341 500 2357 .
559 2288 916 2357 Continent
959 2288 1132 2357 -haec
1188 2280 1403 2359 variae
1450 2290 1915 2379 ephemerides
1974 2293 2374 2385 litterariae,

363 2426 522 2494 prae
560 2401 796 2471 ceteris
838 2401 1260 2469 florentinae.

454 2519 732 2609 Scripsit
771 2536 837 2589 et
877 2519 1010 2588 alia
1046 2519 1292 2610 partim
1329 2520 1585 2605 soluta,
1634 2521 1877 2610 partim
1936 2525 2195 2594 addicta
2250 2552 2383 2598 me-

359 2651 460 2704 tro
495 2634 580 2704 ad
619 2633 1054 2704 eruditionem
1095 2633 1500 2702 reconditam
1538 2633 1937 2726 pertinentia
1974 2653 2055 2704 ac
2088 2637 2256 2705 scitu
2284 2641 2385 2708 di.

362 2772 527 2838 gna,
568 2748 726 2816 licet
763 2746 965 2816 dictio
1000 2746 1370 2837 incompta.
1409 2747 1981 2818 Inscribendorum
2024 2765 2247 2818 tamen
2284 2752 2387 2822 la-

363 2866 596 2957 pidum
635 2881 774 2934 arte
811 2865 1168 2956 praestitit.
1211 2866 1520 2936 Ceterum
1559 2866 1925 2938 maximam
1960 2867 2251 2938 nominis
2286 2891 2391 2938 ce..

364 2983 741 3052 lcbritatern
799 2984 1072 3073 adeptus
1129 3001 1230 3054 est
1285 2985 1501 3054 studio
1553 2984 2005 3076 antiquitatis,
2042 2983 2226 3076 cujus
2274 2983 2395 3056 ille

369 3095 604 3162 notitia
631 3094 948 3183 insignis.
983 3090 1226 3164 Hanc
1209 3083 1278 3164 in
1312 3120 1388 3165 eo
1425 3109 1781 3187 suspexere
1802 3096 2157 3186 plurimum
2192 3096 2390 3186 ephe-

369 3210 696 3277 rneridum
737 3211 832 3277 rei
867 3211 1226 3279 litterariae
1265 3213 1647 3304 scriptores.
1692 3214 1861 3281 hanc
1902 3212 2019 3280 alii
2057 3205 2181 3279 viri
2228 3215 2397 3284 mul-

379 3324 592 3413 tiplici
630 3323 994 3396 eruditione
1035 3341 1482 3417 praestantes,
1523 3347 1589 3397 et
1628 3329 2210 3420 pulcherrimorum
2244 3356 2395 3428 ope-

370 3465 516 3512 rum
557 3439 844 3508 editione
881 3440 1253 3532 conspicui.
1293 3445 1372 3510 In
1411 3442 1522 3510 his
1553 3441 1803 3534 passim
1836 3435 2113 3533 legimus
2167 3463 2393 3516 eorum

371 3558 750 3652 testimonia
783 3557 1092 3628 Brunatio
1131 3559 1320 3657 valde
1343 3555 1719 3632 ‘honorifica‘
1742 3549 1769 3632 ’.
1807 3559 1873 3631 Is
1913 3587 1949 3630 a
2000 3559 2217 3633 Mario
2266 3567 2394 3636 Lu-

375 3673 446 3765 pi
486 3673 723 3746 dicitur
761 3668 858 3740 vir
894 3672 1303 3744 clarissimus
1339 3677 1446 3766 (ι)
1483 3685 1552 3745 et
1593 3673 2093 3768 'expertissimis
2128 3675 2200 3746 in
2247 3687 2399 3748 arte·

1058 3842 1717 3874 mmmm

402 3947 404 3950 >
457 3919 557 3999 (ι)
600 3919 799 3985 Codex
828 3920 1121 4006 diplomat.
1157 3924 1318 3994 civit.
1365 3939 1422 3990 et
1472 3925 1747 3992 ccclesiae
1776 3925 2026 4009 bergom·
2046 3923 2185 3996 Vol·
2208 3925 2239 3988 Ῑ
2276 3923 2317 4000 le
2338 3933 2403 4004 ²12
