3125 4975
817 305 952 396 37⁰
1223 265 1230 296 ⁹
1745 317 1915 370 vr‘rA

909 446 1175 531 Quanta
1219 439 1490 528 insuper
1539 437 1719 507 illius
1778 435 2149 506 modestia!
2196 459 2365 529 quae
2404 461 2563 508 sane
2621 439 2693 510 in
2758 438 2921 510 lit-

824 573 1032 625 terato
1073 554 1210 623 viro
1240 551 1560 620 difficilis.
1594 554 1685 619 Ut
1715 553 1893 620 enim
1930 551 2207 642 quisque
2242 553 2533 622 maxime
2560 555 2897 624 doctriua

823 671 1138 756 excellit,
1199 671 1294 740 ita
1355 670 1649 738 maxime
1704 669 1847 738 vult
1896 669 2105 740 videri
2164 667 2471 760 princeps
2516 673 2891 759 omnium,

822 787 928 857 vel
969 785 1184 876 potius
1223 807 1390 852 unus
1418 830 1435 850 .
1473 783 1553 852 Id
1604 783 1831 851 aberat
1870 807 1908 850 a
1949 781 2255 852 Bartholo
2289 807 2488 872 quam
2544 785 2885 875 longissi-

823 929 966 976 me.
1025 907 1130 972 De
1181 927 1253 971 se
1306 901 1524 986 enim,
1574 902 1657 970 de
1713 886 1848 970 suis
1888 901 2199 992 operibus
2260 900 2797 973 modestissime.
2846 907 2887 972 l

825 1016 1146 1094 meschini
1191 1019 1354 1091 miei
1399 1019 1569 1090 versi
1616 1022 1763 1124 (1).
1829 1026 1959 1091 Eos
1999 1019 2315 1089 nimirum
2356 1042 2583 1090 versus
2614 1023 2883 1091 intelli-

827 1138 925 1228 git
953 1189 972 1220 ,
1025 1161 1190 1228 quos
1241 1135 1505 1226 publice
1553 1134 1813 1204 recitari
1866 1135 2144 1229 jusserat
2180 1157 2299 1204 rex
2336 1139 2733 1206 Emmanuel
2788 1138 2873 1204 in

829 1250 1388 1340 splendidissimis
1457 1249 1577 1318 filii
1637 1249 1887 1340 nuptiis
1932 1294 1952 1316 ι
2007 1249 2181 1318 Us‘us
2237 1249 2472 1317 eadem
2528 1251 2869 1320 modestia

829 1373 1074 1462 Joseph
1127 1395 1278 1442 cum
1315 1394 1579 1442 suarum
1613 1369 1997 1460 opinionum
2050 1367 2641 1454 obtrectatoribus,
2694 1393 2875 1460 quos

824 1488 1105 1556 minime
1143 1484 1460 1572 offendit,
1487 1485 1639 1554 licet
1680 1482 1915 1552 acriter
1945 1481 2029 1550 ab
2067 1482 2171 1550 his
2212 1482 2497 1572 petitus,
2524 1497 2590 1550 et
2627 1481 2865 1550 inibe-

825 1604 1052 1673 raliter
1105 1619 1414 1694 exceptus
1459 1656 1475 1672 .
1533 1601 1870 1672 Tuebatur
1927 1600 2195 1691 quidem
2256 1599 2558 1689 impense
2597 1652 2619 1684 ,
2678 1600 2859 1689 qnod

825 1743 946 1810 pro
992 1737 1168 1790 certo
1205 1721 1531 1808 babebat3
1573 1721 1712 1790 sola
1752 1737 1977 1789 tamen
2014 1718 2289 1788 rationis
2329 1717 2393 1785 vi
2420 1770 2440 1802 ,
2477 1739 2611 1784 non
2670 1741 2855 1786 acer-

823 1837 1038 1908 bitate
1081 1839 1420 1907 verborum
1451 1889 1468 1908 .
1508 1839 1791 1907 Putabat
1830 1839 2111 1908 honesto
2180 1837 2453 1907 homine
2504 1836 2857 1927 indignum

827 1978 1117 2047 pugnare
1157 1955 1390 2044 probro
1426 1973 1494 2026 et
1525 1957 1967 2027 contumelia.

921 2067 1304 2136 Amicorum
1344 2069 1676 2140 studiosus
1713 2071 1979 2142 eosdem
2024 2071 2264 2158 coluit,
2303 2086 2369 2140 et
2428 2087 2657 2161 aperta
2706 2095 2857 2162 quo-

827 2205 956 2273 que
992 2181 1322 2272 palaestra
1363 2183 1639 2253 erudiit.
1690 2187 1879 2276 Quae
1948 2185 2241 2268 sciebat,
2288 2185 2491 2254 etiam
2558 2186 2640 2253 ad
2690 2186 2849 2254 alio-

824 2318 970 2364 rum
1005 2319 1199 2365 usum
1225 2297 1510 2368 libenter
1534 2299 1810 2369 eontulit
1834 2351 1848 2367 .
1872 2298 2385 2370 Amantissimus
2410 2295 2709 2368 veritatis
2740 2323 2855 2388 pro

821 2409 1060 2478 eadem
1101 2413 1339 2482 tuenda
1380 2412 1702 2484 obnoxius
1740 2413 2036 2484 invidiae
2074 2411 2235 2482 fuit.
2277 2413 2433 2484 Non
2473 2430 2693 2483 tamen
2748 2415 2847 2491 illi

816 2544 1160 2621 propterea
1219 2532 1464 2605 defuit,
1507 2538 1602 2604 Ea
1652 2536 1822 2604 nihil
1881 2534 2093 2604 carius
2130 2532 2410 2618 habuit,
2468 2534 2637 2602 nihil
2691 2558 2845 2601 san-

823 2646 1033 2717 ctius.
1093 2650 1578 2739 Antiquitatem
1640 2652 1965 2743 Diptyohi
2027 2651 2385 2742 quiriniani
2426 2668 2643 2721 contra
2688 2652 2843 2719 Ma-

819 2760 1092 2854 plnejum
1131 2764 1345 2850 ipsum
1386 2764 1605 2833 studio
1666 2766 1965 2835 veritatis
2022 2764 2339 2835 asseruit.
2391 2764 2542 2834 Fuit
2596 2763 2837 2835 laboris

824 2884 1128 2971 patiens,
1167 2882 1475 2971 expedito
1516 2896 1584 2950 et
1620 2882 1895 2953 honesto
1948 2884 2255 2977 ingenio,
2294 2884 2545 2968 comis,
2600 2882 2840 2953 officio-

815 3022 922 3067 sus
943 3050 962 3078 ,
999 2996 1169 3086 patri
1211 2996 1841 3089 obsequentissimus
1863 3052 1879 3066 .

917 3115 1024 3184 Ad
1062 3114 1476 3207 Religionem
1517 3134 1737 3211 autem
1779 3118 1949 3209 quod
1994 3120 2269 3205 attinet,
2308 3117 2698 3209 Hieronymi
2732 3118 2843 3185 ΛΕ·

829 3230 1092 3299 miliani
1143 3233 1458 3301 miracula
1519 3234 1823 3324 exposuit
1877 3236 2069 3327 longo
2127 3234 2457 3319 carmine,
2496 3252 2567 3301 et
2626 3256 2837 3324 perse-

825 3360 1064 3438 quutus
1089 3368 1190 3417 est
1229 3352 1357 3419 alia
1399 3368 1783 3443 argumenta
1812 3352 2058 3444 pariter
2095 3378 2273 3421 sacra
2313 3350 2603 3422 numeris
2634 3351 2839 3442 poeti-

834 3460 930 3531 eis
967 3512 984 3530 .
1041 3462 1372 3534 Disseruit
1425 3466 1633 3537 etiam
1688 3466 1771 3535 de
1828 3467 2069 3559 insigni
2126 3483 2558 3537 monumento
2622 3463 2839 3555 expri-

1505 3674 1665 3700 ΜΝ
1675 3674 2165 3702 mmmmmm

859 3812 886 3875 ¹·
911 3832 1010 3913 (ι)
1054 3834 1508 3899 NelI’Orazione
1545 3858 1651 3922 per
1686 3838 1743 3901 le
1778 3860 1955 3903 nozze
1995 3838 2058 3902 di
2097 3838 2350 3906 Vittorio
2392 3838 2652 3901 Amadco
2692 3834 2829 3898 duca

902 3946 1018 4011 Sav
1047 3943 1136 4029 oja
1179 3966 1308 4029 pag.
1351 3952 1410 4023 4.
2072 3964 2076 3968 ’
