3125 4975
823 324 964 419 304
1768 337 1939 395 ’τιτι

809 462 896 535 de
949 472 1177 537 mtiseo
1237 462 1532 556 Philippi
1578 462 1879 533 Far-aetii
1922 464 2017 533 ad
2052 467 2559 537 conanensium.
2580 466 2848 538 Accede·

813 585 1058 671 vniam,
1099 587 1167 653 in
1207 610 1334 675 qua
1381 608 1512 651 non
1551 585 1763 652 solum
1822 584 1905 653 de
1946 606 2173 653 museo
2228 586 2345 656 illo
2380 588 2851 673 ornatissimo,

812 715 886 769 ut
923 699 1052 767 sibi
1095 714 1555 788 proposuerat,
1594 698 1713 769 sed
1752 697 1954 765 etiam
1995 699 2077 767 de
2118 722 2185 767 re
2224 699 2403 767 omni
2464 702 2841 791 antiquaria

814 838 945 885 non
1003 813 1338 902 eleganter
1393 810 1655 893 minus,
1708 834 1908 899 quam
1948 811 2115 881 scite
2152 812 2461 883 disserit.
2522 814 2843 883 Intimam

811 925 1064 999 scilicet
1119 940 1188 993 et
1236 926 1651 993 reconditam
1694 923 2285 1011 pulcherrimarum
2334 928 2577 997 artium
2614 928 2849 1017 cogni..

813 1039 1062 1107 tionem
1101 1037 1390 1106 ostendit
1422 1088 1438 1104 .
1485 1038 1741 1107 Harum
1780 1036 1973 1106 initia
2038 1042 2346 1129 exponit,
2380 1057 2519 1111 tum
2558 1042 2841 1115 demon-

809 1172 975 1229 strat
1010 1156 1335 1247 quomodo
1377 1178 1757 1245 progressae
1796 1152 2077 1240 fuerint,
2116 1174 2185 1229 et
2224 1156 2695 1243 ner-sectionem
2732 1176 2843 1229 at-

812 1272 1117 1365 tigerint,
1149 1273 1385 1365 quibus
1425 1290 1493 1343 et
1515 1276 1599 1349 de
1629 1275 1843 1343 causis
1882 1275 1969 1346 ab
2004 1299 2083 1349 ea
2122 1278 2555 1361 desciverint,
2585 1294 2651 1346 et
2688 1298 2847 1347 sen-

809 1387 942 1463 sirn
997 1402 1334 1476 corruptae
1391 1411 1468 1454 ao
1507 1389 1901 1475 depravatae
1954 1391 2431 1459 evaserint-ad.
2472 1408 2843 1460 extremum

809 1506 1078 1577 omnino
1119 1509 1470 1598 degeneres
1495 1558 1512 1575 .
1551 1506 1673 1575 His
1710 1506 2077 1580 identidem
2116 1510 2509 1581 utilissimae
2544 1510 2843 1582 animad-

810 1622 1142 1695 versiones
1195 1625 1587 1709 immixtae3
1638 1623 1880 1712 ubique
1926 1625 2171 1691 eximia
2228 1625 2565 1715 judicandi
2629 1627 2845 1695 soler-

808 1740 898 1813 tia
928 1792 944 1807 .
986 1742 1244 1811 Selecta
1281 1740 1479 1810 verba
1523 1755 1863 1822 accurata,
1902 1741 2384 1827 exprimentia,
2438 1741 2697 1829 singula
2750 1742 2845 1813 ad

803 1858 961 1931 artis
1003 1857 1312 1923 trutinam
1351 1854 1689 1943 explorata
1724 1870 1792 1923 et
1828 1876 2119 1944 expensa
2144 1907 2162 1927 .

898 1971 1383 2043 Celeberrimus
1430 1970 1934 2060 Lagomarsinus
1974 1994 2124 2043 cum
2168 1972 2373 2041 vellet
2408 1970 2835 2060 praeconium

801 2102 1023 2161 texere
1075 2083 1356 2155 orationi
1396 2084 1478 2151 de
1525 2082 1855 2172 picturae,
1895 2085 2265 2172 sculpturae
2294 2136 2312 2167 ,
2352 2085 2825 2155 architecturae

805 2199 1053 2275 artibus
1119 2198 1203 2269 ab
1259 2198 1707 2269 eruditissimo
1744 2200 1845 2269 Jo.
1888 2200 2187 2289 Baptista
2223 2200 2509 2269 Roberto
2565 2199 2829 2271 habitae

798 2316 872 2412 in
915 2315 1272 2387 Academia
1305 2316 1693 2393 bononiensi
1718 2340 1953 2409 ,qnam
1996 2316 2389 2393 institutum
2426 2334 2661 2390 vocant
2684 2370 2705 2402 ,
2726 2318 2823 2395 sic

803 2428 1132 2520 loquitur=

885 2579 922 2616 υ
964 2552 1182 2640 Atque
1220 2549 1416 2643 huius
1437 2552 1707 2642 quidem
1730 2549 2307 2642 eloquentissimae
2344 2550 2655 2620 orationis
2686 2575 2819 2627 ma-

799 2699 836 2739 n
877 2667 978 2762 jus
1017 2693 1056 2741 a
1095 2672 1669 2757 impraemunitum
1724 2671 1881 2740 lieri.
1924 2695 2051 2738 nnn
2108 2691 2297 2758 posse
2338 2670 2571 2750 video,
2624 2691 2819 2758 quam

794 2813 832 2850 υ
879 2784 937 2852 si
1007 2805 1154 2853 eam
1211 2804 1366 2850 cnm
1435 2782 1869 2850 disertissima
1922 2782 2205 2850 Lastesii
2260 2780 2539 2871 epistola
2594 2779 2815 2850 conse„

789 2931 830 2970 n
865 2923 1048 2985 ram3
1081 2895 1330 2968 etenim
1368 2897 1540 2987 quod
1572 2897 1778 2968 latino
1814 2923 2115 2968 sannone
2155 2898 2525 2980 Lastesius‚
2568 2914 2823 2967 etrusco

791 3041 829 3076 n
869 3008 1188 3080 Robertus
1241 3005 1548 3098 perfecit3
1595 3011 1908 3102 singulari
1958 3027 2231 3101 uterque
2270 3027 2337 3078 et
2374 3032 2623 3093 rerum,
2658 3033 2818 3098 quas

790 3129 842 3189 η’
867 3129 1175 3208 tractant,
1215 3122 1495 3213 peritia,
1529 3140 1602 3194 et
1638 3123 1887 3193 eximia
1924 3125 2245 3192 sermonis
2268 3177 2289 3208 ,
2330 3146 2461 3214 qna
2499 3147 2601 3192 res
2636 3124 2815 3212 ipsas

789 3266 831 3304 υ
867 3234 1190 3324 efferunt,
1243 3236 1573 3329 elegantia
1610 3238 1718 3328 (ι)
1754 3267 1791 3304 υ
1840 3286 1857 3309 .
1908 3241 1996 3311 Et
2030 3237 2193 3310 alibi
2230 3263 2247 3306 ε
2304 3267 2341 3302 2,
2397 3238 2542 3307 Hae
2579 3237 2663 3306 de
2708 3257 2817 3318 re,

1411 3479 1416 3490 .
1469 3471 2131 3508 mmmmm

792 3657 828 3702 ⁹.
873 3631 978 3696 che
1019 3631 1160 3693 altre
1198 3631 1350 3706 delta
1375 3647 1567 3697 nostra
1609 3637 1733 3709 eta,
1755 3633 1835 3696 mi
1872 3633 2169 3696 sembrann
2210 3653 2377 3694 avere
2408 3651 2526 3694 non
2550 3625 2669 3715 sole
2704 3647 2813 3689 co-

791 3755 826 3806 p
870 3735 965 3816 pia
1006 3755 1036 3794 e
1077 3733 1366 3794 rotondita
1387 3777 1408 3810 ,
1438 3755 1529 3796 ma
1570 3734 1773 3818 spirito
1811 3757 1842 3795 e
1880 3736 2001 3796 vita
2042 3737 2241 3796 affatto
2281 3732 2640 3795 ciceroniana
2668 3774 2685 3792 .

842 3836 970 3914 ,(ι)
1014 3837 1083 3896 In
1123 3834 1370 3918 quadam
1410 3837 1777 3899 annotatione
1817 3836 1893 3896 ad
1952 3835 2341 3899 electi-icarum
2380 3854 2583 3918 poema
2634 3835 2809 3902 June-

793 3937 892 4036 phi
928 3937 1184 4010 Mariani
1222 3935 1510 4024 Parthenii
1545 3935 1655 4002 lib.
1688 3939 1749 4002 6.
1788 3958 1925 4022 pag.
1964 3940 2099 4000 226.
