3125 4975
799 338 938 405 522
1758 344 1929 396 vt'rA

805 492 1204 563 quamquam
1242 467 1446 550 haec,
1501 461 1598 533 uti
1650 481 1873 533 monet
1908 464 2061 551 (ι),
2094 454 2441 553 discipulis
2474 456 2609 533 fere
2654 462 2725 533 in
2766 492 2847 535 ο-

795 586 1064 655 mnihus
1110 580 1538 655 adscribenda
1566 630 1583 647 .
1644 582 2010 646 Occurrunt
2046 577 2249 645 etiam
2298 576 2571 666 profana
2624 587 2833 651 sacris

797 704 1156 791 immixta3
1201 700 1374 793 quod
1413 723 1542 768 non
1582 698 1823 789 probo.
1864 699 2048 765 Haec
2084 712 2275 787 sunt,
2311 718 2479 785 quae
2516 700 2701 787 potui
2740 726 2829 771 ex

796 822 938 917 ejus
985 818 1248 911 scriptis
1283 818 1593 909 colligere
1616 870 1632 885 .
1674 816 1867 886 Nihil
1904 832 2239 907 praeterea
2276 816 2610 909 cognitum
2650 819 2825 889 mihi

791 953 894 1007 est
916 989 933 1004 .
971 939 1192 1026 Quare
1229 933 1314 1003 ad
1361 956 1583 1003 mores
1621 949 1911 1001 transeo.

885 1056 1036 1125 Fuit
1071 1054 1188 1124 ille
1223 1050 1492 1143 ingenio
1529 1048 1811 1119 minime
1846 1048 2161 1133 obscuro,
2200 1060 2499 1117 sermone
2550 1066 2823 1139 aperto,

791 1172 1222 1245 assentationi
1253 1172 1567 1243 inimicus
1586 1222 1605 1255 ,
1634 1168 1881 1239 laboris
1908 1170 2165 1259 patiens
2184 1220 2199 1235 .
2228 1168 2507 1238 Nullum
2532 1168 2649 1257 ‚illi
2676 1186 2825 1239 erat

791 1302 1056 1379 tempus
1107 1308 1386 1357 vacuum
1445 1308 1486 1353 a
1524 1284 1887 1351 litterarum
1930 1277 2399 1350 exercitatione
2436 1306 2513 1351 ac
2554 1282 2816 1355 studioa

791 1404 872 1471 In
911 1402 984 1471 id
1019 1398 1448 1491 impendebat
1485 1396 1629 1467 dies
1668 1414 2017 1485 noctesque
2037 1418 2191 1465 usus
2228 1394 2607 1465 valetudine
2644 1420 2817 1467 sem-

791 1542 912 1609 per
949 1542 1298 1611 prospera.
1335 1517 1605 1589 Vicetia
1642 1517 1726 1585 ad
1762 1514 2205 1591 Seminarium
2266 1512 2653 1605 patavinum
2704 1537 2819 1585 re-

789 1660 1050 1728 gressus
1069 1689 1088 1722 ,
1147 1637 1306 1706 licet
1362 1650 1578 1703 aetate
1630 1648 1971 1723 provectus
2028 1647 2244 1717 esset,
2294 1654 2423 1700 non
2488 1634 2821 1702 recusavit

791 1752 1016 1821 subire
1057 1774 1272 1819 rursus
1297 1748 1689 1839 gravissima
1726 1746 2105 1817 inferiorum
2145 1746 2515 1817 scholarum
2558 1749 2777 1817 taedia
2801 1801 2820 1822 .

785 1870 963 1957 Quin
1003 1886 1072 1937 et
1107 1867 1238 1935 alia
1277 1866 1567 1955 suscepit
1618 1866 1889 1957 insuper
1938 1867 2417 1952 libentissime,
2456 1890 2625 1959 quae.
2677 1890 2815 1937 non

787 2009 1018 2075 parum
1053 1986 1372 2070 molesta,
1403 1985 1837 2055 Alumnorum
1872 1987 2043 2057 votis
2088 1985 2463 2079 indulgens.
2496 1988 2815 2057 ¹’Nullum

779 2102 1158 2193 defugiebat
1217 2104 1710 2173 incommodum
1766 2106 2095 2177 desiderio
2137 2104 2309 2177 bene
2358 2104 2645 2174 merendi
2710 2106 2815 2176 de

781 2221 1123 2291 omnibus.

863 2342 1251 2413 Petentibns
1287 2366 1649 2434 numquam
1706 2344 1967 2431 deerat,
2004 2340 2217 2415 immo
2272 2344 2499 2415 aderat
2552 2368 2753 2434 opera
2782 2396 2805 2431 ‚

774 2456 1096 2548 ret-unia,
1135 2456 1363 2527 libris.
1425 2460 1582 2530 Non
1630 2474 1925 2552 petentes
1986 2474 2403 2551 peramanter
2448 2458 2807 2548 incusans,

773 2579 858 2648 ad
897 2579 1257 2670 petendum
1295 2572 1661 2666 alliciebat,
1684 2597 1751 2650 et
1788 2575 2195 2664 affirmabat,
2236 2595 2379 2648 tum
2416 2603 2493 2648 se
2530 2581 2797 2652 eosdem

769 2690 1148 2768 habiturum
1189 2695 1257 2760 in
1297 2695 1659 2763 amicorum
1696 2717 1875 2778 aere,
1914 2719 2063 2764 cum
2113 2691 2360 2786 aliquid
2406 2721 2443 2764 a
2484 2719 2559 2766 se
2594 2696 2800 2786 petis-

769 2825 916 2878 sent
942 2861 956 2876 .
1003 2809 1245 2894 Magna
1285 2807 1354 2873 in
1393 2806 1516 2875 hoc
1555 2824 1697 2877 erat
1732 2809 1815 2878 de
1852 2809 1969 2879 illo
2024 2807 2287 2898 opinio,
2326 2833 2569 2901 magna
2622 2809 2799 2879 libe-

761 2919 1044 2990 ralitatis
1093 2917 1579 2987 commendatio
1608 2971 1629 3006 ,
1670 2919 1739 2988 in
1795 2945 1906 2990 eos
1970 2922 2171 2991 etiam
2214 2921 2300 2990 ab
2350 2922 2471 2990 illo
2526 2915 2797 2991 adhibi-

763 3047 910 3114 tae,
957 3027 1130 3121 quos
1153 3031 1433 3101 minime
1473 3051 1685 3124 gratos
1738 3053 2045 3127 expertus
2084 3053 2346 3128 postea.
2389 3039 2520 3109 Vir
2558 3061 2798 3129 propo-—

757 3143 873 3212 siti
917 3160 1112 3214 tenax
1141 3171 1267 3215 non
1307 3163 1444 3216 tam
1486 3147 1679 3219 facile
1716 3151 2033 3221 dimoveri
2072 3177 2143 3222 se
2182 3151 2564 3242 patiebatur
2596 3177 2633 3222 a
2672 3177 2789 3224 sua

755 3261 1112 3347 sententia,
1159 3263 1332 3355 quod
1371 3263 1440 3334 id
1489 3263 1763 3336 fortasse
1798 3267 2089 3336 crederet
2122 3267 2389 3335 levioris
2428 3267 2637 3335 animi
2690 3265 2793 3334 in-

755 3369 1048 3440 dicium.
1083 3379 1267 3474 Quave
1314 3377 1441 3448 sibi
1483 3396 1928 3470 persuaserat,
1967 3405 2044 3450 ea
2084 3381 2442 3450 conabatur
2480 3385 2650 3451 tueri
2692 3407 2795 3452 ra·

761 3485 1166 3556 tiocinando.
1210 3494 1354 3562 Hoc
1393 3495 1490 3564 illi
1533 3510 1673 3565 erat
1708 3494 1779 3564 in
1818 3519 2117 3564 sermone
2162 3519 2423 3587 quoque
2480 3496 2801 3567 domesti-

749 3621 830 3667 co
869 3595 1229 3674 familiare.

1427 3811 2089 3850 mmmmm-nusum

835 3975 936 4058 (ι)
979 3977 1167 4064 Epist.
1209 3977 1285 4042 ad
1321 3979 1622 4069 lect.'pag.
1664 4007 1725 4068 9.
