3125 4975
877 318 1016 410 584
1377 329 1544 390 ΜΔ
1580 331 1683 388 so.
1720 331 2089 387 ramerscr
2122 333 2539 388 sannorum

875 473 952 530 ut
986 457 1260 528 honeste
1299 473 1564 547 possent
1618 454 1965 533 collocari.
2022 454 2357 545 Nepotem
2414 479 2567 524 vero
2586 507 2608 540 ,
2658 455 2901 528 relicta

881 571 1156 666 pecunia
1177 623 1198 656 ,
1236 571 1492 640 institui
1531 569 1725 664 jussit
1778 569 1864 638 ad
1918 567 2319 640 medicinam
2340 619 2361 653 ,
2399 569 2485 638 ad
2520 593 2723 660 quam
2771 595 2895 641 na·

877 699 1020 756 tura
1061 682 1366 772 proclivis
1389 734 1406 751 .

963 803 1226 873 Annum
1290 800 1554 870 tertium
1624 823 1819 890 supra
1888 797 2361 889 octogesimum
2416 797 2841 868 inchoaverat
2865 853 2891 886 ‚

869 941 1020 988 eum
1057 917 1368 988 decubuit
1409 915 1635 986 morbo
1670 939 2051 1006 oppressus,
2088 938 2165 984 ac
2204 913 2427 984 statim
2467 915 2649 985 visus
2686 931 2786 984 est
2816 914 2889 988 in

867 1047 1164 1102 extremo
1201 1029 1376 1100 vitae
1413 1029 1795 1100 discrimine
1816 1077 1839 1098 .
1862 1031 2081 1118 Quare
2104 1027 2451 1120 praesidiis
2488 1025 2623 1096 illis
2664 1026 2891 1096 muni-

835 1159 972 1214 ·tus
1011 1145 1174 1228 fuit,
1210 1167 1375 1235 quae
1415 1142 1532 1212 tali
1572 1142 1640 1212 in
1680 1165 1749 1210 re
1788 1167 1864 1212 ac
1902 1159 2196 1230 tempore
2256 1139 2455 1208 tribui
2496 1141 2715 1210 solent
2760 1141 2893 1208 Ec-

865 1259 1107 1328 clesiae
1141 1257 1352 1350 jussu.
1392 1256 1518 1326 His
1553 1255 1859 1346 religiose
1888 1252 2211 1345 susceptis
2231 1307 2251 1339 ‚
2282 1251 2449 1324 obiit
2478 1268 2887 1343 postremum

867 1369 1048 1440 diem
1079 1369 1181 1440 VI
1228 1367 1385 1440 Idus
1423 1365 1851 1460 Septembres
1904 1389 2075 1436 anno
2120 1367 2293 1439 1800
2346 1365 2447 1434 vir
2492 1388 2621 1434 non
2670 1366 2893 1436 minus

863 1481 1058 1574 longo
1095 1481 1402 1554 medendi
1442 1505 1601 1566 usu,
1634 1503 1833 1571 quam
1872 1479 2166 1552 doctrina
2205 1479 2649 1550 clarissimus.
2692 1483 2893 1549 Acer-

862 1597 952 1668 ba
987 1599 1233 1674 accidit
1265 1598 1408 1691 ejus
1451 1621 1627 1670 mors
1665 1620 1795 1668 non
1834 1599 1969 1668 suis
2008 1613 2265 1668 tantum
2304 1614 2374 1666 et
2406 1596 2885 1682 conterraneis,

863 1716 983 1788 sed
1017 1717 1319 1788 finitimis
1351 1718 1554 1790 etiam
1596 1717 1856 1809 populis
1893 1733 1962 1786 et
1996 1717 2403 1808 longinquis.
2436 1719 2605 1786 Mox
2636 1716 2883 1800 elatus,

861 1849 930 1900 et
965 1832 1036 1903 in
1073 1834 1370 1924 sepulcro
1405 1834 1711 1904 conditus
1758 1835 1972 1924 gentis
2018 1861 2211 1906 suae.
2272 1833 2747 1906 circumfertur
2799 1836 2885 1906 il-

861 1948 990 2019 lius
1027 1949 1246 2044 imago
1281 1950 1370 2021 ab
1407 1952 1526 2024 illa
1563 1951 1923 2044 exscripta,
1948 1977 2149 2044 quam
2178 1955 2323 2046 ipse
2360 1955 2883 2026 adumbrandam

861 2081 1233 2138 curaverat.
1275 2069 1368 2137 At
1402 2091 1626 2139 veram
1666 2093 1823 2140 suae
1880 2071 2123 2142 mentis
2168 2069 2446 2142 formam
2495 2070 2717 2140 vivide
2762 2095 2882 2140 ex-

865 2203 1163 2272 pressam
1201 2181 1394 2254 nobis
1413 2235 1434 2268 ,
1458 2185 1865 2276 posterisque
1920 2186 2187 2276 reliquit
2234 2188 2303 2256 in
2348 2187 2612 2277 scriptis
2654 2171 2887 2257 editis.

951 2295 1136 2366 Haec
1161 2293 1300 2366 fere
1325 2298 1550 2366 omnia
1584 2296 1938 2389 diligenter
1974 2300 2249 2373 collecta
2288 2301 2373 2368 ad
2412 2321 2519 2370 me
2554 2299 2878 2370 mittenda

861 2411 1116 2484 curavit
1153 2412 1252 2482 vir
1289 2412 1575 2487 eximius
1598 2466 1619 2499 ,
1657 2415 1955 2507 mihique
2006 2413 2407 2511 jampridem
2460 2414 2766 2509 cognitus
2813 2432 2879 2484 et

859 2530 1111 2599 amicus
1143 2533 1430 2603 Joannes
1465 2537 1699 2619 Ferro,
1734 2533 1806 2603 in
1844 2535 2153 2626 patavino
2188 2536 2561 2609 seminario
2600 2534 2687 2605 ab
2728 2536 2879 2605 ado-

856 2648 1173 2721 lescentia
1205 2650 1519 2721 educatus
1538 2704 1558 2736 ‚
1600 2668 1827 2741 postea
1879 2676 2033 2723 vero
2078 2653 2607 2746 archipresbyter
2644 2654 2879 2725 Villae

856 2767 1090 2839 Novae
1125 2766 1211 2835 ad
1243 2768 1536 2837 Gaibum
1576 2770 1897 2840 dioecesis
1936 2771 2259 2841 adriensis
2298 2772 2677 2861 paroeciae.
2732 2774 2875 2844 Hu-

851 2878 956 2972 jus
995 2877 1344 2967 praecipua
1379 2876 1526 2947 laus
1559 2880 1631 2949 in
1666 2880 1948 2951 ecclesia
1982 2896 2365 2955 sanctor-mn
2390 2886 2529 2975 (ι).
2562 2884 2877 2975 Elegium

863 2995 1118 3065 scilicet
1155 2994 1364 3086 ipsius
1403 2998 1663 3088 insigne
1696 3001 1802 3070 vel
1828 3001 2003 3091 apud
2042 3018 2337 3091 posteros
2376 3001 2699 3096 templum
2730 3002 2889 3090 erit,

857 3114 1065 3181 multo
1105 3140 1300 3204 quam
1357 3134 1550 3185 antea
1606 3118 2058 3208 splendidius,
2096 3120 2239 3214 ejus
2277 3120 2347 3191 in
2386 3119 2621 3211 primis
2664 3142 2883 3209 peen-

854 3230 969 3300 nia
1023 3234 1435 3319 restitutum,
1493 3260 1609 3306 seu
1664 3238 1883 3326 potius
1938 3263 1979 3309 a
2033 3238 2479 3311 fundamentis
2536 3253 2833 3309 erectum
2860 3292 2887 3323 ,

859 3352 1213 3443 multiplici
1241 3372 1308 3423 et
1337 3356 1689 3427 excellenti
1728 3358 1981 3448 pictura
2018 3376 2353 3448 ornatum3
2386 3358 2666 3451 populus
2698 3380 2889 3450 egre-

855 3472 962 3564 gie
1001 3472 1390 3557 instructus,
1425 3489 1494 3543 et
1541 3473 1907 3545 liberaliter
1961 3475 2283 3563 nutritus3
2341 3474 2689 3566 pastoralis
2724 3472 2897 3570 ejus

857 3584 1228 3662 sollicitudo
1247 3639 1268 3671 ,
1307 3602 1375 3657 et
1413 3588 1795 3679 exemplum
1833 3588 2011 3659 vitae
2048 3588 2403 3662 laudabilis
2424 3642 2443 3659 .

1528 3792 2186 3824 mmm

927 3935 1028 4017 (ι)
1071 3934 1167 3996 1²·-
1215 3936 1346 4015 149·
1391 3954 1446 3997 ι.
