3125 4975
1014 333 1290 402 Joszpm
1329 331 1689 405 nnn-:rou
2250 313 2343 388 56
2356 335 2389 386 ι

371 484 408 520 ο
465 471 685 547 tempo
722 475 852 522 non
891 476 1084 522 meno
1122 453 1412 543 grazioso
1449 469 1683 541 poeta,
1705 451 1827 522 che
1851 454 2149 545 elegante
2183 469 2391 524 orato-

383 597 532 654 ntre
559 625 580 668 2
622 625 638 641 .
683 626 698 641 .
743 624 758 641 .
800 578 838 641 e
877 571 927 641 il
966 571 1338 664 panegirico
1377 570 1600 658 volerzl
1638 591 1751 657 per
1802 571 1866 637 le
1921 570 2167 640 bocche
2214 571 2389 662 degli

375 719 410 754 n
459 691 712 761 uomini
751 691 1028 759 insieme
1065 690 1168 759 col
1197 714 1314 758 suo
1353 688 1711 757 eccellente
1756 705 2049 780 suggette
2086 692 2249 780 (1)v
2279 742 2297 758 .

464 811 652 878 Hunc
693 825 915 900 postea
957 808 1174 879 minus
1193 809 1282 876 -in
1319 833 1390 875 se
1429 829 1823 896 propensum
1876 822 2183 895 expertus
2230 807 2391 874 Bar-

385 923 602 992 tholus
639 921 780 1015 (2).
812 927 1214 992 'Innumerae
1253 941 1453 1010 prope
1492 934 1644 987 sunt
1686 918 2009 988 humanae
2062 917 2395 987 vicissitu-

381 1039 612 1129 dines,
648 1067 808 1134 quas
849 1042 1068 1112 subire
1107 1017 1172 1108 et
1231 1041 1413 1130 ipsae
1478 1061 1609 1106 non
1656 1061 1801 1104 raro
1848 1053 2161 1127 coguntur
2213 1035 2397 1105 litte-

378 1171 533 1230 rae'.
559 1161 682 1230 His
725 1178 946 1230 tamen
985 1159 1263 1227 minime
1301 1156 1663 1225 retardatus
1700 1151 1945 1244 Joseph
1984 1155 2245 1245 publico
2270 1177 2401 1222 non

385 1272 750 1356 abstinuit,
789 1289 857 1341 et
894 1297 1063 1340 anno
1099 1271 1314 1360 primo
1353 1293 1545 1358 supra
1570 1269 2198 1360 quinquagesimum
2253 1291 2405 1338 sac-

390 1386 522 1453 culi
565 1382 918 1473 superioris
979 1383 1176 1451 aliam
1236 1382 1598 1449 orationem
1640 1386 1887 1472 (quarn
1927 1382 2129 1450 etiam
2182 1381 2253 1450 in
2296 1383 2403 1451 lu·

395 1518 540 1564 cem
583 1496 768 1564 misit
808 1496 966 1587 (5))
1024 1495 1324 1564 recitavit
1367 1494 1602 1562 eodem
1648 1494 1757 1564 die
1811 1519 1887 1562 ac
1938 1495 2209 1590 alteram
2247 1549 2292 1586 ,Ι
2320 1495 2407 1562 de

387 1633 518 1700 qua
555 1609 748 1679 modo
786 1610 1190 1678 mentionem
1228 1606 1353 1676 feci
1379 1641 1396 1675 ε
1431 1601 1717 1676 Dicendi
1770 1608 2184 1676 occasionem
2220 1631 2403 1676 sum-

392 1726 529 1816 psit
559 1751 598 1795 a
636 1727 884 1817 nuptiis
913 1751 950 1795 a
983 1726 1284 1798 Victorio
1313 1723 1612 1796 Amadeo
1638 1723 2259 1820 Allobrogum-duce
2286 1721 2415 1792 ini·

387 1843 476 1912 tis
513 1869 662 1914 cum
701 1845 924 1914 Maria
983 1845 1270 1914 Antonia
1331 1843 1743 1914 Ferdinanda
1784 1843 2253 1933 Hispaniarum
2312 1865 2409 1910 re·

391 1963 490 2053 gis
544 1961 802 2034 Infante
824 1957 846 2033 .’
898 1967 1026 2033 Par
1084 1963 1420 2054 utriusque
1459 1962 1775 2032 orationis
1810 1962 1953 2037 laus
1988 2013 2003 2028 .
2044 1963 2233 2030 Hanc
2292 1984 2409 2030 au-

392 2091 530 2144 tem
597 2077 934 2167 praecedit
975 2062 1266 2168 'epistola
1326 2078 1409 2146 ad
1477 2077 1787 2146 eumdem
1842 2074 2213 2148 Amadeum
2244 2127 2265 2160 ‚
2336 2075 2437 2143 in·

390 2215 520 2280 qua
573 2191 912 2277 praedicat
970 2191 1050 2258 de
1119 2191 1435 2279 singulari
1490 2191 1558 2274 in
1598 2214 1669 2261 se
1708 2190 1879 2278 regis
1931 2187 2407 2260 beneficentia.

389 2305 642 2376 Eadem
698 2306 861 2375 italo
911 2307 1318 2374 concluditur
1369 2307 1843 2396 epigrammate
1896 2305 2117 2374 vivido
2172 2321 2241 2376 et
2296 2304 2409 2374 in·-

400 2424 712 2515 genioso.
1313 2435 1316 2440 ’

447 2536 634 2612 ‘Duo
688 2542 960 2635 protulit
1012 2566 1272 2637 quoque.
1321 2543 1618 2613 dramata
1664 2540 1857 2609 valde
1908 2539 2407 2611 commendabi-

391 2659 523 2747 lia,
563 2686 680 2731 seu
741 2662 1100 2732 dictionem
1156 2662 1568 2746 consideres,
1623 2684 1741 2730 seu
1796 2654 2192 2729 sententiam
2252 2659 2406 2747 (ωε

387 2795 670 2864 ‚quorum
693 2798 894 2843 unum
934 2774 1314 2845 inscribitur
1330 2829 1351 2862 ,
1377 2776 1478 2843 La
1513 2771 1787 2843 vittoria
1825 2770 1889 2840 δ’
1910 2771 2173 2837 Imeneo
2196 2793 2221 2835 .-
2257 2768 2414 2837 alte-⁵

398 2910 543 2957 rum
564 2941 586 2973 ,
608 2888 704 2958 Le
742 2896 846 2958 tre
879 2892 1028 2957 Dee
1059 2888 1310 2959 riunite
1333 2890 1439 2979 (5)
1463 2914 1488 2958 .·
1529 2888 1653 2957 hoc
1688 2884 1951 2957 Matriti
1970 2935 1993 2968 ,
2030 2881 2197 2951 illud
2232 2884 2416 2951 Tau-

396 2999 524 3071 rini
564 3002 742 3093 regio
777 3002 848 3071 in
888 2982 1150 3075 theatro*
1177 3004 1551 3073 exhibitum
1587 3001 1759 3093 regis
1794 3000 1977 3093 jussu
1994 3048 2017 3082 ‚
2054 2993 2141 3065 ad
2175 3018 2413 3087 augon-

1075 3282 1735 3311 “mmmmm

489 3493 588 3570 (1)
629 3489 876 3559 Novellc
910 3491 1194 3553 letter-arie
1234 3490 1296 3553 di
1334 3492 1621 3567 Fit-euzo,
1659 3492 1834 3553 Τοιιι.
1874 3490 1943 3551 Χ
1980 3488 2091 3550 col.
2120 3490 2263 3566 384.

485 3602 592 3680 (2)
633 3600 724 3659 Ivi
766 3600 875 3661 col.
922 3622 1056 3682 7²⁰·

407 3708 586 3790 (3)
628 3708 891 3777 Veronae
933 3728 1066 3773 ann.
1125 3706 1266 3788 1751
1313 3706 1462 3788 typis
1501 3705 1773 3787 Dionysii
1814 3702 2189 3771 Rammini

494 3808 592 3883 (4)
635 3810 822 3871 Storia
857 3810 1136 3870 letter-aria
1179 3809 1456 3870 Torn.11
1491 3828 1621 3893 pag.
1662 3808 1797 3886 452.

483 3912 590 4000 (5)
626 3916 944 4001 Utrumque
985 3916 1234 3985 Taurini
1273 3916 1488 3985 editn'm
1521 3928 1657 3985 dun.
1703 3916 1883 3997 1759,
