3125 4975
782 149 793 178 l

778 350 908 450 1δῇ
1701 354 1866 422 vna-A

764 526 1039 573 moenae
1078 498 1641 572 deambulationes
1681 522 1831 601 eum
1871 492 2273 581 avocabant,
2331 521 2459 567 non
2513 490 2796 576 sociale!

762 617 1077 711 temporis
1105 614 1377 686 fallendi
1409 612 1614 705 gratia
1639 626 1993 681 conventus
2014 663 2033 696 ,
2059 636 2187 679 non
2225 616 2596 702 spectacula
2614 670 2635 703 ,
2659 642 2790 687 non

760 732 1096 805 convivia.
1149 730 1254 799 Ad
1292 727 1652 798 domestica
1689 724 2025 815 quaelibet
2057 724 2240 795 idem
2293 725 2508 799 officia
2553 754 2782 821 prom-

758 866 948 942 ptus,
1002 844 1235 914 ceteris
1288 842 1541 933 praeire
1597 838 1940 929 exemplo,
2000 862 2118 908 sua
2165 864 2460 933 quaeque
2515 868 2787 915 munera

760 958 1267 1053 diligentissime
1302 954 1485 1025 obite
1504 1008 1526 1041 ‚
1562 953 1736 1023 nihil
1773 950 2122 1043 defugere,
2161 954 2370 1023 immo
2405 979 2552 1026 sese
2587 956 2778 1027 laho-

762 1079 945 1151 ribus
992 1078 1161 1147 ultro
1198 1072 1431 1143 offerre
1454 1124 1471 1141 .

852 1194 965 1266 Bis
1000 1212 1256 1285 quoque
1294 1212 1465 1259 anno
1502 1210 1586 1257 ex
1625 1184 1926 1256 instituto
1963 1182 2314 1259 Seminarii
2354 1188 2644 1279 patavini
2683 1190 2783 1284 ju·

760 1310 999 1379 bentur
1028 1304 1277 1376 alumni
1300 1302 1608 1373 secedere
1629 1326 1747 1391 per
1769 1302 1912 1370 dies
1943 1300 2195 1391 aliquot
2217 1304 2287 1371 in
2309 1303 2592 1393 seipsos,
2619 1322 2687 1373 et
2715 1331 2784 1375 a-

754 1428 1013 1497 nimum
1042 1446 1340 1495 exercere
1372 1420 1805 1491 meditatione
1835 1422 2404 1493 aeternorum.Ne
2429 1438 2772 1493 externum

761 1562 1101 1636 quaereret
1124 1597 1145 1631 ,
1171 1544 1253 1612 ad
1274 1539 1345 1610 id
1381 1562 1453 1609 se
1478 1540 1708 1608 ducem
1735 1560 2052 1630 persaepe
2089 1539 2390 1612 exhibuit
2425 1540 2626 1611 etiam
2655 1566 2778 1631 po-

756 1666 1023 1735 stremis
1054 1660 1242 1733 annis
1264 1660 1568 1751 AEgidius
1597 1659 1948 1730 Seminarii
1991 1659 2382 1731 moderatori
2402 1660 2580 1745 ‚sola
2611 1682 2778 1729 mer·-

754 1780 914 1849 cede
944 1776 1185 1847 laboris
1234 1773 1705 1865 molestiaeque
1749 1774 2082 1863 proposita
2104 1825 2120 1840 .
2155 1776 2230 1843 In
2261 1796 2390 1863 quo
2407 1773 2770 1863 plurimum

756 1889 1135 1983 proficiebat
1155 1940 1178 1972 ,
1204 1888 1538 1977 alloquens
1576 1886 1846 1979 juvenes
1881 1886 2078 1977 plana
2101 1884 2362 1975 quidem
2383 1900 2452 1953 et
2485 1886 2770 1955 naturali

754 2004 1029 2091 ratione,
1052 2002 1169 2069 sed
1194 1999 1447 2069 animos
1466 2000 1718 2069 utiliter
1749 1999 2112 2069 alliciente:
2139 1998 2435 2091 juvenes,
2451 1998 2720 2087 inquam
2741 2046 2768 2082 ,

756 2112 1105 2206 alloquens
1128 2112 1256 2183 sibi
1282 2113 1574 2206 cognitos
1590 2157 1615 2201 5
1637 2131 1706 2183 et
1741 2113 2026 2183 eximiae
2047 2109 2302 2182 virtutis
2331 2111 2588 2201 penitus
2619 2135 2768 2179 con.

748 2238 919 2306 scios
938 2288 957 2321 ,
996 2253 1165 2327 quae
1220 2234 1484 2330 egipsa
1522 2233 1813 2326 corporis
1850 2232 2070 2325 specie
2121 2231 2407 2303 emicans
2465 2228 2770 2323 'capiebat

750 2349 855 2421 vel
894 2349 1187 2440 ignotos,
1224 2346 1530 2439 injiciens
1569 2347 1738 2437 ipsis
1783 2346 2273 2421 venerationem
2311 2346 2452 2417 sui.

849 2462 1037 2536 Idem
1074 2460 1401 2556 siquidem
1442 2459 1764 2554 benignus
1805 2462 1872 2530 in
1913 2483 2184 2548 omnes,
2230 2462 2300 2531 in
2353 2485 2426 2532 se
2471 2487 2770 2553 severum

750 2581 1095 2675 indulgens
1132 2580 1690 2672 omnibus-quoad
1733 2595 2407 2672 poterat.numquam
2447 2580 2574 2650 sihi
2598 2609 2617 2668 3
2643 2581 2770 2671 pri-

754 2700 959 2769 vatim
1000 2696 1251 2782 facilis,
1292 2696 1555 2786 publice
1595 2695 1849 2787 gravis3
1877 2693 2193 2785 religione
2229 2694 2482 2782 solida,
2510 2719 2636 2764 non
2679 2693 2768 2764 fu-

756 2827 899 2879 cata
924 2830 1259 2896 ;sermone
1295 2807 1629 2897 simplici,
1667 2807 1933 2899 ingenio
1969 2824 2233 2898 aperto,
2257 2808 2547 2880 moribus
2575 2809 2766 2898 plane

753 2924 1039 3013 antiquis
1071 2974 1086 2990 .
1130 2923 1324 2994 Nihil
1364 2925 1515 2993 novi
1571 2927 1710 3016 pati
1764 2927 2066 3018 poterat,
2107 2925 2455 2997 seminarii
2515 2926 2768 3018 legibus

752 3040 1023 3110 omnino
1038 3038 1334 3112 addictus
1355 3096 1375 3128 ,
1394 3044 1496 3113 vel
1520 3044 1944 3115 minimarum
1967 3043 2496 3115 servantissimus
2515 3095 2533 3115 .
2551 3049 2766 3134 Quem

750 3177 901 3225 cum
940 3153 1269 3241 viderem,
1310 3157 1582 3228 videbar
1617 3159 1786 3229 mihi
1835 3159 2072 3229 intueri
2111 3157 2342 3229 solidis
2395 3159 2763 3230 lineamen-

750 3269 839 3338 tis
876 3291 1251 3360 etpressam
1292 3274 1647 3364 quamdam
1687 3274 2046 3366 imaginem
2093 3275 2408 3365 pristinae
2463 3274 2764 3366 discipli-

746 3406 871 3454 nae
912 3407 951 3451 a
982 3385 1056 3454 Β.
1097 3385 1409 3478 Gregorio
1448 3386 1808 3458 Barbadico
1863 3389 1932 3456 in
1991 3386 2114 3457 hoc
2161 3387 2601 3458 Seminarium
2655 3387 2766 3454 in-

740 3511 971 3568 vectae
988 3527 1010 3588 3
1029 3519 1223 3591 quem
1261 3516 1604 3594 propterea
1627 3517 2003 3594 prosecutus
2027 3525 2172 3574 sum
2209 3501 2432 3574 multis
2453 3497 2764 3591 lacrymis

744 3613 1130 3688 abeuntem.

836 3733 1067 3822 Abiit,
1116 3737 1360 3828 (liceat
1396 3736 1614 3811 brevis
1650 3743 1780 3814 ista
1825 3741 2146 3834 digressio
2203 3744 2276 3814 in
2321 3741 2586 3842 laudem
2641 3739 2762 3810 ho-

738 3851 980 3940 minis,
1018 3855 1121 3926 cui
1156 3879 1266 3926 me
1316 3858 1424 3928 vel
1468 3859 1762 3932 maxime
1816 3861 2206 3933 obstrictum
2247 3859 2512 3950 fateor)
2553 3863 2760 3946 abiit,

732 3969 845 4064 qui
882 3995 991 4042 me
1027 3995 1301 4063 puerum
1338 3977 1639 4069 excepit,
1695 3978 1808 4071 qni
1867 4001 1974 4050 me
2023 3976 2264 4071 primis
2322 3977 2568 4048 imbuit
2611 3980 2766 4050 reli·
