3125 4975
746 280 886 355 352
1689 290 1861 344 wrm

749 426 934 497 nalea
953 477 970 495 .
1007 416 1402 497 utilissimis
1437 418 1628 491 libris
1665 418 1796 487 eibi
1830 418 2229 489 instruxerat
2266 414 2738 499 bibliothecam
2764 436 2805 517 ἶ

747 545 836 615 iia
871 541 1299 634 praesertim,
1337 537 1450 631 qui
1471 538 1846 606 ”continent
1878 537 2294 624 amoeniora,
2332 538 2419 609 ad
2454 566 2622 633 quae
2658 570 2795 615 na-

747 676 893 730 tura
945 680 1300 750 propensus
1347 652 1474 723 fuit
1507 677 1714 744 usque
1768 654 1855 723 ad
1912 654 2224 725 ultimum
2266 654 2440 726 vitae
2478 676 2735 753 tempus
2765 714 2789 733 .

745 774 899 845 Fuit
935 770 1200 862 ingenio
1231 792 1362 839 non
1399 767 1612 837 colum
1652 760 2027 857 praeclaro,
2054 767 2171 837 aed
2196 769 2397 841 etiam
2439 789 2613 842 recte
2644 776 2783 845 cul-

751 901 858 973 to;
899 884 1218 955 memoria
1267 882 1492 966 firma,
1527 894 1599 949 et
1652 878 2146 951 accuratissima
2182 878 2255 952 in
2309 884 2613 955 omnibus
2670 890 2785 957 di-

751 1003 1066 1093 ligentia.

807 1114 934 1185 His
959 1113 1311 1185 accedebat
1345 1135 1550 1181 novus
1590 1110 1899 1203 splendor
1918 1109 2005 1181 ab
2030 1111 2172 1207 ejus
2202 1115 2494 1187 moribus
2512 1166 2530 1183 .
2565 1120 2671 1189 De
2700 1144 2781 1189 se

749 1229 1036 1299 demisse
1073 1227 1364 1297 sentiens
1393 1224 1681 1295 libenter
1712 1242 2191 1295 commemorat
2225 1228 2297 1297 in
2333 1230 2470 1301 suis
2512 1233 2780 1322 scriptis

751 1347 834 1416 de
873 1347 1164 1416 aliorum·
1202 1341 1498 1431 dotibus,
1543 1365 1786 1433 eaeque
1833 1344 2123 1415 extollit.
2164 1346 2457 1433 Minime
2512 1348 2779 1421 invidus

745 1459 1048 1531 inserviit
1083 1458 1364 1527 aliorum
1403 1456 1689 1549 gloriae,
1730 1480 2085 1547 eorumque
2124 1460 2377 1528 studuit
2416 1486 2777 1557 propagare

747 1590 866 1663 per
921 1588 1112 1663 typos
1165 1593 1438 1639 nomen.
1478 1569 1636 1639 Pius
1688 1569 1833 1659 ipse
1872 1585 1943 1639 et
1982 1570 2313 1641 litteratus
2349 1574 2435 1643 ad
2462 1578 2778 1665 pietatem

749 1702 820 1755 et
861 1686 1110 1755 cultum
1147 1685 1516 1753 litterarum
1556 1682 1765 1753 voluit
1800 1700 2187 1773 susceptum
2228 1684 2437 1754 filium
2475 1688 2778 1769 institui.

747 1806 948 1891 Quae
991 1818 1146 1873 eunt
1199 1800 1536 1892 religionis
1557 1854 1579 1886 ‚
1618 1802 1923 1893 religiose
1960 1801 2336 1872 exercebat.
2378 1804 2537 1896 Ejus
2588 1830 2779 1876 amo-

749 1940 893 1987 rem
933 1932 1270 2007 tamquam
1309 1938 1396 1984 ex
1432 1913 1613 1983 fonte
1650 1914 1954 1984 hauserat
1990 1938 2077 1984 ex
2113 1938 2441 1985 sacrarum
2480 1918 2783 2012 Scriptu-

745 2060 964 2107 rarum
997 2034 1222 2119 libris,
1267 2056 1541 2124 quorum
1587 2032 1787 2103 lectio
1824 2034 2043 2103 eidem
2098 2048 2237 2103 erat
2286 2052 2617 2127 postremo
2667 2038 2781 2107 vi..

745 2164 854 2217 tae
893 2162 1186 2238 tempore
1221 2144 1568 2217 familiaris
1593 2198 1610 2216 .
1650 2148 1826 2217 Hinc
1862 2149 2217 2238 quaerebat
2254 2172 2411 2219 suae
2448 2154 2775 2227 senectuti

745 2263 1019 2335 solatia.
1059 2266 1313 2355 Magna
1349 2264 1556 2334 animi
1616 2264 1920 2355 vitaeque
1960 2264 2322 2334 moderatio
2352 2316 2367 2332 .
2410 2270 2633 2357 Quare
2686 2270 2775 2337 il-

747 2380 892 2456 lum
929 2404 1157 2453 omnes
1200 2382 1589 2453 verebantur
1613 2433 1629 2451 .
1672 2382 2002 2453 Patientia
2042 2406 2193 2451 vero
2232 2382 2478 2453 eximia
2502 2436 2519 2453 .
2565 2388 2777 2457 Num-

745 2520 946 2590 quam
1002 2499 1263 2570 auditus
1317 2497 1627 2588 conqueri
1684 2494 1767 2566 de
1824 2495 1919 2564 rei
1994 2494 2341 2567 familiaris
2410 2499 2713 2588 angustia
2748 2553 2775 2587 ,

743 2639 1110 2710 numquam
1159 2618 1244 2688 de
1277 2616 1488 2700 aliie,
1543 2637 1713 2705 quae
1755 2615 1888 2705 ipsi
1924 2615 2300 2686 acciderant
2344 2617 2562 2687 minus
2618 2641 2775 2710 pro-

743 2757 934 2827 upera
955 2787 974 2806 .

835 2853 1056 2937 Atque
1111 2861 1184 2916 ut
1246 2847 1512 2917 lucerna
1537 2847 1542 2852 ’
1568 2846 1819 2914 emittit
1856 2847 2067 2940 majus
2105 2849 2327 2920 lumen
2354 2903 2376 2936 ,
2420 2865 2768 2940 antequam

737 2964 1231 3054 exstinguatur,
1266 2964 1364 3034 eic
1401 2964 1614 3034 evasit
1650 2964 1791 3058 ejus
1846 2967 2162 3055 patientia
2215 2957 2456 3039 clarior'
2500 2967 2619 3040 sub
2678 2969 2759 3036 fi-

744 3087 898 3150 nem
937 3076 1151 3148 vitae.
1179 3079 1512 3169 Integrum
1543 3077 2049 3169 quadriennium
2088 3101 2462 3152 constanter
2494 3080 2766 3172 pertulit

744 3219 822 3266 ac
860 3193 1114 3267 fortiter
1147 3195 1450 3266 morbum
1490 3199 1983 3288 gravissimum,
2016 3225 2211 3294 quem
2264 3203 2491 3272 dicunt
2552 3209 2772 3280 ἐπιλη-

745 3309 1038 3393 Maste
1071 3311 1360 3381 tamdem
1401 3313 1633 3382 eodem
1672 3337 2019 3404 oppressus
2058 3315 2301 3384 occidit
2338 3316 2408 3386 V
2442 3318 2590 3388 Cal.
2638 3321 2775 3416 pe·

745 3425 1043 3497 cembres
1097 3451 1246 3500 ann.
1296 3433 1505 3524 1794,
1557 3431 1749 3500 tertio
1810 3448 1878 3500 et
1931 3433 2329 3524 octogesimo
2368 3435 2546 3504 vitae
2606 3459 2763 3504 suae

744 3541 882 3637 jam
917 3544 1278 3633 completo.
1305 3545 1556 3616 Horum
1583 3548 1867 3638 plurima
1892 3569 2149 3642 rogatus
2173 3553 2439 3644 scripsit
2468 3551 2526 3647 ej
2538 3552 2763 3623 uadem

746 3656 959 3743 filius,
997 3658 1068 3727 in
1104 3660 1412 3749 patavino
1449 3661 1817 3736 Seminario
1875 3679 1944 3733 et
1978 3665 2121 3755 ipse
2158 3665 2536 3753 institutae,
2592 3689 2768 3736 nunc

736 3776 808 3848 iu
845 3775 984 3870 ejus
1015 3774 1233 3846 locum
1269 3776 1614 3852 suffectus.
1650 3783 1785 3873 Qui
1818 3781 2017 3875 patrii
2058 3783 2345 3855 muneris
2383 3783 2574 3856 heres
2614 3800 2718 3854 est
2737 3836 2765 3870 ,

733 3891 867 3976 orit
899 3891 1197 3966 aemulus
1235 3907 1304 3966 et
1339 3892 1639 3969 virtutis.
