3125 4975
787 374 924 451 292
1754 368 1923 425 vm

777 494 1031 579 oravit,
1071 488 1356 563 institit.
1401 495 1490 561 At
1527 514 1679 561 cum
1718 509 2013 561 cerneret
2050 491 2119 569 in
2158 490 2415 561 irritum
2458 485 2681 564 omnia
2717 518 2827 567 ea.

786 616 982 698 dere,
1015 628 1082 681 et
1123 612 1375 681 aboleri
1419 610 1795 700 religiosam
1834 636 2019 681 suam
2057 612 2495 697 Societatem,
2532 636 2661 704 qua
2716 614 2825 689 illi

780 745 930 798 erat
969 726 1136 796 nihil
1175 730 1388 799 earius
1427 755 1447 814 3
1503 725 1787 818 graviter
1840 727 2107 817 quidem
2156 728 2409 813 doluit,
2446 728 2829 818 praeferens

789 866 1009 925 tamen
1051 846 1321 939 dignam
1361 846 1721 914 christiano
1760 846 1897 913 vir-o
1940 848 2377 915 constantiam
2403 896 2423 915 .

877 970 1056 1035 ‘I'um
1095 966 1400 1033 discessit
1439 963 1522 1031 ad
1561 984 1711 1031 suos
1750 986 2121 1033 reversurus
2149 1016 2163 1032 .
2194 964 2460 1034 Mutina
2490 980 2837 1036 transeun-

787 1082 843 1153 ti
881 1081 1100 1149 eidem
1139 1077 1411 1148 offertur
1447 1078 1757 1146 cathedra
1797 1076 1881 1145 ab
1946 1096 2219 1169 augusto
2259 1080 2424 1149 duee
2478 1080 2829 1153 Francisco

787 1198 892 1265 111
915 1248 936 1281 ‚
975 1212 1048 1265 ut
1085 1192 1431 1285 physicam
1471 1192 1847 1281 profiteatur
1882 1190 1951 1259 in
1990 1194 2256 1283 publico
2296 1192 2439 1285 ejus
2476 1194 2657 1263 urbis
2697 1198 2837 1264 Ar-

793 1313 1252 1406 ehigymnasio
1291 1314 1441 1401 (1).
1481 1308 1788 1379 Abeundi
1829 1312 2094 1399 veniam
2134 1310 2553 1401 Bellogradus
2610 1313 2833 1403 impe-

797 1442 929 1495 trat
967 1442 1182 1495 aetate
1227 1424 1415 1493 valde
1449 1440 1790 1515 provectus
1819 1474 1833 1490 .
1870 1427 1972 1493 Ita
2010 1424 2306 1515 quolibet
2338 1426 2683 1516 expeditus
2718 1448 2837 1495 ne-

800 1547 978 1637 gotio
1015 1544 1198 1616 venit
1234 1544 1304 1611 in
1343 1546 1662 1634 patriam.
1704 1544 2091 1634 Numquam
2126 1548 2349 1613 tamen
2388 1546 2665 1615 indulsit
2694 1546 2839 1615 otio

798 1666 1036 1736 studiis
1077 1662 1336 1734 assidue
1383 1664 1674 1731 intentus
1731 1683 1935 1750 usque
1992 1662 2076 1729 ad
2118 1662 2426 1729 ultimum
2468 1664 2703 1752 longae
2759 1687 2840 1735 ae

791 1784 1096 1853 diutinae
1127 1782 1299 1848 vitae
1327 1796 1584 1868 tempus
1607 1828 1623 1845 .
1654 1778 1833 1865 Quin
1865 1778 2066 1844 etiam
2090 1802 2319 1869 aeger,
2346 1772 2459 1845 nbi
2490 1776 2843 1867 paululum

715 1932 728 1947 ·
789 1901 1164 1968 {emitteret
1204 1896 1418 1964 morbi
1461 1896 1788 1977 vis,inter
1824 1892 2218 1965 famulorum
2260 1894 2555 1965 sublatus
2598 1920 2841 1966 manus

797 2013 1034 2085 deferri
1075 2011 1335 2081 volebat
1374 2012 1747 2081 identidem
1788 2014 1869 2083 ad
1908 2014 2205 2103 pluteum
2229 2062 2245 2081 .
2284 2014 2388 2083 Ibi
2442 2016 2661 2106 legere
2726 2040 2833 2083 s0-.

789 2130 956 2197 litus
993 2144 1169 2209 erat,
1209 2141 1278 2196 et
1329 2148 1787 2215 recognoscere
1812 2179 1833 2212 ‚
1872 2152 2050 2221 quae
2080 2128 2373 2204 nondum
2411 2128 2620 2219 typist
2654 2130 2830 2204 radi-2

789 2240 978 2315 derat
1015 2240 1123 2331 (2)
1151 2292 1167 2311 .
1784 2260 1789 2267 '
1902 2222 1911 2232 “
2444 2224 2453 2229 “
2496 2226 2505 2232 ’

787 2396 796 2405 -
892 2355 1073 2441 Quid
1109 2354 1192 2424 de
1255 2354 1435 2423 illius
1491 2352 1743 2444 pietate
1782 2380 1859 2424 ae
1898 2352 2215 2446 religione
2272 2358 2826 2429 commemorem?

798 2470 1168 2560 Utramque
1207 2468 1500 2538 exercuit
1535 2493 1689 2539 eura
1729 2493 2007 2561 magna,
2046 2487 2115 2542 et
2151 2470 2324 2562 apud
2364 2474 2529 2544 alios
2578 2499 2829 2566 promo-

791 2583 902 2650 vit
939 2582 1504 2651 adhortationibus
1557 2600 1627 2652 et
1676 2586 2021 2673 exemplo.
2083 2587 2241 2654 Mos
2280 2587 2381 2656 illi
2420 2606 2560 2658 erat
2614 2609 2829 2662 sacras.

791 2701 1236 2775 eonfessiones
1277 2703 1620 2790 excipere,
1658 2704 2021 2771 studiosam
2061 2702 2467 2796 juventutem
2508 2707 2719 2788 colere
2756 2723 2823 2784 et

799 2822 1058 2896 erudire
1095 2819 1165 2885 in
1207 2819 1440 2888 timore
1478 2821 1757 2888 Domini
1798 2821 1945 2909 (3),

893 2929 1460 3018 Diligentissimus
1515 2930 1663 3019 ipse
1716 2933 1857 3020 pati
1920 2957 2050 3002 non
2114 2941 2369 3025 poterat
2432 2959 2827 3032 quemqnam

791 3067 928 3121 -sua
957 3044 1182 3110 minus
1221 3043 1500 3112 sollicite
1535 3043 1721 3113 obire
1760 3067 2029 3116 munera
2055 3101 2070 3116 .
2112 3054 2345 3141 AEgros
2384 3051 2709 3138 invisere,
2736 3053 2829 3130 iis

790 3155 1100 3234 ·nssidere
1137 3155 1208 3224 in
1247 3156 1506 3225 deliciis
1544 3155 1814 3228 habuit.
1856 3163 2075 3231 Deum
2133 3159 2388 3234 seilicet
2424 3165 2497 3236 in
2534 3167 2618 3236 iis
2672 3189 2825 3257 spe-

791 3269 1030 3342 stabat
1061 3323 1084 3358 ‚
1138 3294 1336 3362 quem
1393 3273 1739 3342 matutinis
1780 3278 2077 3364 precibus
2124 3278 2337 3348 eolere
2395 3280 2691 3366 solebat,
2751 3303 2831 3352 ao

785 3387 1086 3486 ‹napins
1125 3388 1286 3476 die3
1343 3390 1613 3488 quicum
1673 3390 2089 3471 detinebatur
2123 3447 2145 3482 ,
2206 3413 2499 3468 extremo
2548 3419 2843 3503 praeset-

1486 3597 2149 3636 wmmmmmmw

892 3735 991 3816 (ι)
1026 3733 1445 3799 Commentario
1489 3739 1589 3802 cit.
1628 3760 1759 3822 pag.
1808 3761 1936 3814 122,

893 3847 992 3924 (2)
1035 3845 1184 3906 lbid.
1225 3865 1353 3936 pag.
1405 3845 1532 3909 151.
1578 3829 1588 3837 ’
1636 3829 1649 3838 ⁰

898 3953 1000 4046 (5.)
1043 3951 1196 4026 thid.
1233 3973 1362 4052 με,
1403 3957 1499 4038 87-
1551 3955 1681 4030 {532

3106 561 3114 594 —
3102 415 3114 520 -—
3102 293 3114 384 μ..
3100 179 3108 218 -“
