3125 4975
2254 322 2395 399 525

1224 567 1540 649 VITA

360 808 815 921 MAROE
873 805 1458 981 ΑΝΤΟΝΠ
1525 804 2385 940 FQRGELLINI

445 1550 658 1703 VII
693 1627 840 1698 Cal.
875 1624 1098 1720 Majas
1136 1648 1286 1697 ann.
1343 1647 1515 1720 1712
1555 1626 1827 1698 Marcus
1865 1626 2189 1698 Antonius
2225 1630 2385 1698 For-

357 1745 632 1815 collinus
669 1744 888 1839 editus
923 1759 1026 1812 est
1063 1742 1346 1833 Campi,
1384 1745 1739 1831 patavinae
1776 1745 2094 1814 dioecesis
2150 1769 2387 1835 paroe-

353 1858 460 1929 cia
495 1858 566 1929 in
605 1879 760 1950 agro
798 1856 1156 1927 tarvisiano
1192 1857 1319 1923 sita
1341 1905 1358 1923 .
1395 1857 1603 1927 Recte
1640 1857 1904 1927 vivendi
1952 1858 2306 1950 disciplina
2345 1882 2387 1929 a

353 1974 734 2065 parentibus
771 1974 1110 2044 institutus
1168 1988 1516 2043 cenetense
1572 1973 1744 2046 adiit
1789 1974 2271 2059 Seminarium,
2312 1994 2385 2046 ut

348 2086 555 2157 bonas
595 2104 770 2157 artes
827 2086 1212 2180 adjungeret
1263 2084 1456 2155 bonis
1497 2086 1815 2157 ·moribus
1843 2140 1862 2157 .
1896 2092 2045 2177 Quo
2106 2089 2380 2179 quidem

347 2204 494 2273 loco
537 2204 754 2271 nullus
795 2202 962 2271 alius
1000 2204 1222 2272 eidem
1260 2228 1404 2273 esse
1463 2221 1723 2293 poterat
1755 2206 2179 2297 opportunior
2204 2258 2221 2275 .
2270 2208 2377 2279 lbi

353 2318 534 2386 enim
573 2316 1004 2385 domesticam
1043 2314 1519 2403 praefecturam
1561 2316 1869 2406 gerebat,
1906 2335 1975 2386 et
2010 2335 2218 2387 artem
2268 2319 2379 2387 in-

356 2451 550 2521 super
587 2427 1009 2521 profitebatur
1044 2426 1438 2496 rhetoricam
1479 2427 1972 2498 amantissimus
2004 2431 2143 2523 ejus
2176 2430 2375 2504 frater

354 2547 659 2639 AEgidius
707 2549 855 2640 (1),
891 2547 962 2615 in
1019 2545 1340 2615 litteraria
1397 2543 1735 2636 republica
1776 2567 2014 2612 nomeu
2064 2546 2320 2616 celebre
2354 2600 2374 2618 .

348 2667 600 2758 Magno
638 2663 738 2734 illi
775 2682 916 2734 erat
951 2662 1381 2736 incitamento
1419 2665 1505 2734 ad
1538 2661 2013 2754 proficiendum
2056 2663 2381 2740 tamilla-

352 2797 484 2848 stre
523 2803 650 2847 non
708 2779 1042 2848 doctrinae
1097 2781 1314 2847 minus
1353 2832 1374 2864 ‚
1426 2803 1625 2870 quam
1680 2777 2080 2870 integritatis
2146 2799 2379 2846 exem-

350 2899 534 2990 plum
566 2951 582 2966 .
621 2899 988 2968 Plurimum
1026 2923 1178 2968 vero
1215 2896 1383 2992 juvit
1418 2919 1536 2984 ea,
1580 2923 1707 2990 qua
1756 2895 2089 2990 pollebat,
2134 2895 2375 2987 agendi

345 3009 709 3094 industria,
739 3010 1218 3100 intelligentiae
1255 3011 1592 3097 celeritas,
1630 3013 1991 3080 memoriae
2030 2995 2373 3100 praestan'-

347 3123 479 3192 tia.
519 3123 942 3193 Politioribus
981 3123 1222 3192 litteris
1261 3124 1552 3192 eruditus
1593 3147 1745 3192 ann.
1796 3124 1961 3214 1731
2008 3123 2091 3192 ad
2146 3122 2367 3193 Serni-

347 3235 604 3304 narium
641 3235 1025 3324 patavinum
1063 3257 1136 3304 se
1175 3235 1546 3320 transtulit,
1600 3260 1731 3326 quo
1784 3247 2121 3304 revocatus
2157 3230 2369 3307 fuerat

350 3351 656 3442 AEgidius
673 3402 696 3435 ,
735 3351 1080 3440 septennio
1116 3351 1378 3420 circiter
1411 3367 1762 3443 postquam
1796 3352 1882 3422 ab
1917 3373 1997 3420 eo
2044 3351 2365 3424 discesse-

350 3487 488 3542 rat.
528 3469 656 3539 flio
695 3467 1039 3537 biennium
1091 3485 1528 3538 commoratus
1584 3471 1669 3540 ad
1706 3471 2025 3540 severiora
2072 3469 2368 3561 pbiloso-

341 3590 620 3682 phorum
655 3585 960 3678 dogmata
989 3585 1320 3673 incubuit,
1341 3605 1408 3657 et
1444 3587 1528 3658 acl
1559 3588 1830 3662 subtilia
1863 3589 2365 3726 mathematico?

1014 3821 1673 3856 mmmmwm

423 3969 522 4051 (r)
569 3963 722 4034 Vide
765 3965 886 4048 ejus
928 3965 1104 4029 vitam
1141 3985 1274 4056 pag.
1323 3966 1452 4048 176.
