3125 4975
901 337 1001 398 so.
1037 335 1400 394 remorsu
1435 341 1850 402 sumnum!
1964 411 1977 434 ·
2228 320 2369 423 57‘7

358 461 606 542 eiscus.
648 461 1006 544 scientiam
1049 464 1256 564 lpsius
1303 472 1657 541 ostendunt
1702 475 1927 543 relicta
1965 471 2051 543 ab
2085 489 2163 546 e’o
2218 493 2367 544 mo·-

356 606 704 674 numenta‚
741 591 1215 680 experientiam
1255 605 1472 660 autem
1512 603 1609 658 tot
1646 589 2058 674 morborum,
2096 617 2175 664 ac
2226 609 2365 664 tam

353 703 756 794 multiplices
795 703 1202 790 curationes3
1241 704 1625 794 praesertim
1664 727 1817 773 vero
1852 701 2139 774 facilitas
2180 725 2369 797 prae-r

352 816 624 885 videndi
675 815 902 886 statim
961 814 1224 887 illorum
1281 817 1532 886 exitum
1587 859 1605 884 0
1660 818 1767 886 De
1820 815 2001 886 illius
2052 819 2393 908 operibus,

349 931 610 1016 dicam,
651 957 800 1004 cum
840 935 1020 1024 prius
1057 935 1140 1003 de
1178 935 1613 1004 diuturnitate
1662 935 2018 1024 temporis,
2066 949 2137 1004 et
2190 937 2361 1004 assi·

353 1043 604 1115 duitate
624 1091 645 1130 ,
683 1069 812 1139 qua
850 1047 1246 1116 medicinam
1286 1047 1579 1116 exercuit
1596 1093 1619 1132 ,
1654 1068 1857 1135 pauca
1899 1047 2127 1116 dixero
2149 1096 2167 1116 .

436 1162 878 1232 Paucissimos
905 1185 1062 1232 sane
1097 1161 1396 1230 invenies
1414 1211 1437 1246 ,
1469 1161 1583 1250 qui
1614 1183 1763 1229 eum
1794 1183 1873 1228 eo
1910 1163 2165 1252 possint
2185 1185 2361 1232 com-

349 1273 565 1362 parari
604 1274 673 1340 iu
705 1291 972 1363 utraque
1001 1323 1018 1339 .
1057 1273 1130 1342 Si
1173 1289 1429 1361 tempus
1466 1271 1875 1356 consideres,
1931 1276 2361 1366 quinquagin-

339 1404 412 1457 ta
450 1414 653 1458 annos
689 1407 760 1458 et
795 1389 1078 1480 amplius
1117 1390 1188 1458 in
1219 1390 1619 1459 laboriosum
1670 1413 1901 1460 munus
1940 1391 2353 1483 insumpsit}

343 1509 400 1578 si
459 1509 726 1580 modum
743 1559 766 1593 ,
823 1532 924 1578 res
975 1525 1078 1577 est
1132 1509 1603 1599 propemodum
1658 1509 1827 1578 ultra
1886 1508 2083 1579 fidem
2105 1555 2121 1576 .
2182 1512 2354 1597 Quo-

341 1649 622 1715 cumque
660 1627 840 1694 enim
883 1641 1216 1694 vocaretur
1269 1624 1673 1708 (vocabatur
1710 1642 1931 1695 autem
1987 1625 2279 1715 quotidie
2317 1651 2357 1696 a

345 1740 618 1829 multis)
657 1763 736 1808 eo
771 1740 952 1808 illico
989 1733 1358 1825 ferebatur,
1395 1739 1697 1830 qualibet
1736 1754 2168 1828 tempestate,
2230 1738 2354 1808 ho-

347 1857 438 1927 ris
475 1859 676 1927 etiam
721 1858 1156 1949 importunis,
1213 1855 1328 1927 diu
1389 1873 1753 1947 noctuque,
1788 1857 2047 1924 ultimis
2102 1877 2359 1946 quoque

337 1969 567 2056 annis,
606 1971 745 2040 sive
783 1971 1020 2040 divites
1061 1987 1278 2040 essent
1300 2019 1325 2054 ,
1361 1969 1500 2038 sive
1539 1988 1809 2060 egentes
1852 1991 1973 2038 seu
2023 1970 2353 2061 preximi,

337 2105 452 2152 seu
497 2085 770 2168 remoti,
817 2084 1050 2153 eadem
1100 2084 1183 2152 ad
1215 2105 1444 2153 omnes
1477 2083 1816 2154 alacritate
1848 2099 1916 2152 et
1952 2105 2141 2152 cura.
2179 2087 2353 2164 Eum

336 2222 466 2265 non
537 2200 944 2267 retardarunt
999 2201 1456 2285 incommoda,
1495 2226 1625 2270 non
1676 2201 2001 2292 pericula.
2039 2201 2351 2274 Eundum

338 2333 536 2400 saepe
589 2309 690 2379 illi
740 2327 876 2377 erat
931 2333 1048 2399 per
1102 2312 1242 2379 vias
1287 2315 1530 2380 lutosas
1550 2365 1573 2397 ,
1620 2311 1945 2398 humiles,
1997 2313 2185 2403 aquis
2239 2313 2352 2382 ob-

335 2427 495 2495 sitas
552 2449 627 2495 ac
693 2425 1128 2496 redundantes
1165 2475 1185 2510 ‚
1239 2449 1358 2517 per
1411 2425 1661 2495 imbres
1714 2425 1951 2497 effusos
1976 2479 1997 2513 ‚
2051 2429 2155 2499 vel
2212 2431 2348 2501 sole

337 2546 604 2616 ardente
630 2597 645 2614 .
667 2546 1077 2617 Luctandum
1117 2570 1248 2616 non
1285 2570 1430 2614 raro
1466 2569 1619 2615 cum
1649 2544 1902 2630 fluviis,
1930 2568 2081 2615 cum
2117 2564 2348 2633 vento,

333 2686 482 2735 cum
522 2666 668 2757 gelu
691 2720 710 2753 ,
759 2690 909 2736 cum
977 2666 1170 2753 nive3
1211 2690 1332 2735 nec
1371 2682 1593 2734 tamen
1632 2662 1891 2734 destitit
1926 2662 2011 2733 ab
2048 2663 2345 2754 inceptor

328 2806 686 2875 numquam
745 2803 1092 2877 propterea
1148 2786 1306 2854 sii-it
1343 2796 1544 2855 'suam
1602 2782 2045 2875 praesentiam
2084 2806 2123 2851 a
2180 2804 2343 2874 quo-

321 2920 522 2987 quam
577 2896 812 2969 frustra
876 2899 1273 2969 desiderari.
1327 2898 1520 2984 Ibat,
1578 2916 1647 2968 et
1684 2898 1947 2989 saepius
1999 2898 2244 2982 etiam,
2280 2900 2341 2970 si

325 3040 488 3106 opus
525 3032 698 3086 esset
724 3066 746 3101 ,
785 3016 868 3085 ad
905 3038 1056 3087 eum
1094 3018 1392 3087 redibat.
1445 3018 1579 3089 Ubi
1622 3040 1773 3087 vero
1812 3040 1951 3085 rem
2007 3016 2342 3106 expediis-

328 3145 467 3213 set,
505 3152 578 3197 se
614 3131 886 3198 ulterius
925 3131 1202 3199 detineri
1243 3156 1372 3199 non
1411 3132 1785 3221 patiebatur
1808 3178 1825 3198 .
1864 3131 2019 3200 Nou
2056 3154 2199 3199 raro
2236 3132 2343 3199 iu-

327 3244 628 3329 stabant,
665 3248 776 3336 qui
817 3268 967 3315 eum
1009 3266 1428 3334 vocaverant,
1469 3249 1913 3339 rogabantque
1962 3246 2343 3337 hominem,

329 3378 415 3426 ne
451 3360 817 3428 discederet
873 3360 1030 3429 hora
1089 3384 1164 3431 ac
1207 3378 1597 3453 tempestate
1636 3363 2047 3450 importunaz
2104 3364 2343 3455 quihus

327 3476 604 3544 comiter
641 3478 881 3570 gratias
911 3474 1108 3572 agens
1147 3480 1408 3566 abibat,
1441 3504 1525 3550 ne
1553 3481 1659 3550 cui
1699 3481 1957 3550 deesset
1988 3506 2187 3573 opera
2222 3510 2340 3556 sua

321 3584 676 3680 indigenti,
729 3592 1048 3661 cursitans
1105 3616 1360 3662 rursum
1416 3615 1713 3684 prorsum
1741 3646 1757 3663 .
1798 3595 2175 3681 Interritus,
2214 3596 2337 3665 im-

319 3706 536 3798 piger,
596 3706 958 3780 indefessus
1014 3714 1308 3804 quotidie
1362 3711 1766 3805 defatigabat
1823 3712 2039 3803 plures
2092 3734 2338 3805 equos,

324 3849 473 3896 raro
516 3852 773 3919 prorsus
821 3855 898 3901 ac
937 3833 1104 3901 miro
1139 3832 1510 3904 sedulitatis
1547 3833 1891 3925 exemplo.

406 3948 830 4043 Quamquam
879 3950 991 4042 id,
1042 3950 1203 4029 licet
1240 3976 1464 4029 revera
1527 3976 1885 4048 maguum,
1922 3974 2055 4025 nou
2107 3968 2332 4037 tamen
