3125 4975
741 312 872 388 168
1664 323 1831 382 vm

717 429 862 540 erat
899 449 1028 522 nisi
1075 447 1382 542 strepitus
1405 499 1420 516 .
1447 448 1899 519 Occurrebant
1936 447 2301 524 identidem
2340 447 2753 546 importunae

715 572 1128 644 definitiones
1168 592 1246 638 ac
1283 566 1684 655 divisiones3
1734 593 1946 662 neque
2006 574 2421 664 quaestiones
2484 579 2757 650 deerant

719 690 996 762 subtiles
1017 739 1038 772 ‚
1089 686 1448 776 aliquando
1503 687 1713 756 etiam
1754 712 2071 764 exsuccae
2090 745 2113 778 ‚
2174 691 2405 764 inanes
2424 724 2447 783 3
2498 698 2759 789 captio·-

713 833 786 877 sa
833 821 1252 896 argumenta,
1301 805 1655 896 productae
1694 808 2215 899 disputationes,
2242 835 2361 884 seu
2406 817 2625 904 potius
2662 803 2753 887 τῖ’-

717 949 842 998 xae
879 975 896 992 .
945 920 1345 994 Trivellatus
1399 922 1564 994 haec
1624 924 1848 994 omnia
1906 927 2157 996 amovit
2204 932 2335 1018 (et
2370 929 2489 998 alii
2546 931 2753 1000 etiam

719 1059 945 1135 postea
985 1041 1166 1112 illius
1205 1042 1512 1132 exemplo
1543 1043 1615 1133 ).
1648 1043 1895 1116 Omnia
1936 1045 2051 1115 ille
2096 1046 2183 1116 ad
2218 1047 2755 1139 perspicuitatem

656 1231 666 1240 ,
721 1173 790 1225 et
825 1155 1228 1249 elegantiam
1269 1156 1598 1226 traduxit.

807 1277 1000 1344 Patet
1037 1275 1108 1346 id
1154 1275 1524 1367 legentibus
1573 1275 1717 1369 ejus
1762 1277 2003 1348 libros.
2044 1279 2137 1350 Hi
2174 1281 2394 1366 enim,
2431 1279 2593 1352 licet
2628 1281 2760 1350 ele-

720 1392 1034 1462 mentatii
1084 1394 1113 1484 (
1149 1417 1364 1484 neque
1401 1393 1584 1462 enim
1624 1393 1755 1462 sihi
1798 1396 1914 1466 ille
1962 1399 2305 1490 proposuit
2338 1417 2545 1472 totam
2584 1401 2763 1472 theo-

719 1501 1005 1596 logicam
1043 1504 1393 1578 scientiam
1433 1506 1501 1576 in
1542 1531 1745 1576 unum
1784 1510 1973 1599 quasi
2010 1535 2247 1604 corpus
2292 1513 2615 1606 redigere:
2642 1540 2757 1585 vo-

713 1623 844 1694 luit
883 1639 1137 1694 tantum
1175 1621 1470 1717 ejusdem
1497 1624 1825 1712 principia
1866 1625 2120 1694 tradere
2146 1627 2282 1696 suis
2312 1629 2759 1720 discipulis),

714 1738 788 1810 hi
810 1792 833 1827 ‚
873 1742 1182 1830 inquam,
1231 1739 1388 1808 licet
1424 1737 1887 1822 elementarii,
1930 1741 2479 1831 interpretatione
2518 1771 2645 1812 non
2690 1771 2761 1816 e-

715 1863 925 1951 gent&
983 1882 1062 1928 ac
1102 1874 1239 1926 tuto
1284 1853 1573 1946 percurri
1626 1872 1901 1944 possunt
1956 1857 2100 1928 sine
2138 1859 2293 1928 ullis
2334 1860 2610 1930 ducibus
2673 1885 2755 1932 ac

719 1974 1052 2064 magistris
1077 2025 1096 2042 .
1143 1973 1277 2062 Qui
1315 1994 1464 2043 vero
1505 1973 1851 2044 audierunt
1884 1975 2105 2066 ipsum
2142 1975 2212 2045 in
2270 1976 2495 2046 schola
2550 1998 2751 2066 expo-

719 2104 989 2158 nentem
1021 2087 1340 2158 eximiam
1379 2088 1568 2158 illam
1622 2089 1722 2168 D„
1776 2089 2078 2160 Thomae
2122 2091 2526 2176 doctrinam,
2592 2113 2747 2158 eum

721 2199 1014 2270 maxime
1053 2200 1298 2270 duxere
1335 2202 1647 2272 idoneum
1680 2202 1765 2275 ad
1802 2205 2107 2278 eamdem
2146 2204 2455 2276 brevibus
2488 2219 2761 2274 annota-

719 2315 1012 2388 tionibus
1051 2345 1168 2389 suo
1207 2322 1402 2412 plane
1433 2322 1505 2392 in
1544 2321 1797 2396 lumine
1846 2323 2335 2394 collocandam.
2376 2325 2593 2414 Atque
2630 2323 2759 2391 hoe

722 2431 994 2523 guidem
1041 2461 1380 2532 aggressus
1417 2434 1630 2509 fuerat
1652 2493 1673 2527 ,
1714 2440 1835 2511 sed
1874 2464 2001 2511 non
2043 2436 2362 2531 perfecit,
2412 2436 2587 2530 quod
2638 2458 2758 2506 ne-

731 2556 1012 2627 cessario
1051 2556 1324 2631 fortasse
1365 2576 1615 2629 careret
1652 2562 1823 2627 otio.

813 2674 1066 2764 Magna
1097 2674 1410 2741 librorum
1452 2674 1594 2738 laus
1635 2665 2066 2756 perspicuitas
2084 2694 2108 2752 3
2134 2662 2381 2757 major,
2408 2663 2583 2755 quod
2608 2692 2763 2736 con-

725 2786 948 2877 juncta
985 2810 1133 2855 cum
1167 2787 1540 2874 eloquentia
1576 2806 1651 2851 ac
1684 2797 1865 2849 tanta
1906 2781 2241 2851 doctrinae
2278 2784 2466 2871 copia
2490 2835 2507 2851 .
2541 2787 2618 2853 In
2650 2784 2759 2853 his

726 2916 1064 2969 occurrunt
1103 2896 1490 2987 gravissima
1544 2918 1769 2965 sacrae
1806 2896 2183 2987 Scripturae
2219 2899 2481 2987 oracula
2507 2954 2529 2986 ,
2580 2904 2763 2969 Pon-

727 3014 975 3083 tificum
1011 3012 1176 3079 scita
1205 3064 1223 3097 ‚
1285 3010 1737 3081 Conciliorum
1788 3012 2089 3101 decreta,
2143 3016 2411 3085 Petrum
2467 3018 2760 3088 testimo·

719 3132 872 3217 nia3
918 3129 1264 3222 Augustini
1307 3129 1659 3221 praecipue
1684 3182 1707 3215 ,
1746 3131 1932 3225 cujus
1968 3129 2201 3201 festivo
2238 3134 2505 3225 ingenio
2562 3134 2754 3205 festi-

720 3262 838 3319 v'us
866 3250 1009 3343 ipse
1043 3251 1492 3323 delectabatur
1527 3249 1804 3321 mirifice
1826 3300 1843 3319 .
1871 3252 2133 3320 Poterat
2163 3252 2277 3321 ille
2308 3250 2581 3341 quidem
2608 3276 2755 3323 sen-

719 3369 958 3442 tentias
994 3396 1144 3442 suas
1182 3370 1486 3443 roborare
1525 3370 1928 3461 argumentis
1968 3395 2009 3440 a
2058 3371 2308 3439 ratione
2382 3371 2648 3461 petitis3
2688 3385 2757 3438 at

723 3502 994 3555 noverat
1029 3484 1334 3555 homines
1373 3482 1557 3554 abuti
1596 3508 1788 3574 posse
1825 3484 2078 3555 ratione
2127 3486 2155 3576 (
2188 3486 2443 3555 utinam
2496 3505 2752 3553 carere-

723 3626 872 3673 mus
907 3602 1275 3694 exemplis!
1313 3604 1343 3694 )
1369 3632 1389 3691 3
1445 3602 1725 3695 ideoque
1782 3628 1861 3673 ea
1916 3628 2099 3674 arma
2146 3600 2457 3695 expedire
2517 3600 2757 3673 maluit

717 3718 792 3787 in
831 3717 1275 3801 adversarios»,
1315 3738 1482 3806 quae
1521 3716 1688 3807 ipsis
1734 3742 1865 3787 non
1902 3716 2209 3789 vincendi
2249 3719 2461 3787 solum
2508 3718 2536 3806 (
2577 3716 2755 3807 quod

723 3828 866 3900 fieri
897 3830 1167 3901 omnino
1203 3853 1334 3897 non
1375 3844 1630 3920 poterat
1666 3832 1697 3919 )
1738 3830 1859 3901 sed
1894 3830 2099 3903 etiam
2156 3828 2405 3903 diutius
2460 3827 2752 3899 instandi

727 3940 917 4043 spem
956 3961 1024 4017 et
1058 3942 1439 4015 facultatem
1477 3941 1843 4021 eriperent.
