3125 4975
769 352 952 403 xvm

771 465 1106 535 Ferrarius
1146 456 1540 553 conscripsit
1574 454 1742 530 adeo
1802 457 2146 530 distinctos
2200 476 2269 530 et
2304 462 2661 550 candidos,
2707 468 2807 536 ni-

771 586 876 654 hil
911 601 985 655 ut
1006 586 1092 653 iis
1128 583 1513 668 humanius,
1533 582 1706 652 nihil
1736 581 2193 652 delectabilius
2215 636 2232 651 .
2268 586 2362 653 Ut
2384 584 2566 655 enim
2595 608 2797 654 unam

773 726 862 772 ex
915 701 1212 791 pluribus
1269 702 1510 793 eligam
1536 755 1559 790 ‚
1616 701 1928 773 fabellam
1969 702 2193 772 audite
2230 701 2315 772 de
2350 701 2695 789 Luscinia,
2730 719 2802 772 et

767 800 1061 904 Anam-,3
1099 814 1284 909 cujus
1320 814 1645 909 judicium
1682 816 1870 885 vobis
1906 816 2203 910 relinquo
2232 844 2248 887 :

957 960 996 996 υ
1041 928 1356 1001 Luscinia
1393 946 1462 1001 et
1497 934 1713 1002 Anser
1748 932 2237 1027 contendebant
2272 930 2557 1005 invicem
2576 984 2601 1018 ,

953 1078 994 1115 n
1041 1048 1209 1139 Quis
1251 1047 1722 1140 praeferendus
1758 1051 1953 1122 alteri
1992 1069 2191 1121 cantu
2228 1049 2397 1122 foret
2418 1104 2435 1121 .

891 1220 894 1225 .
955 1192 996 1229 n
1039 1166 1218 1253 Ego,
1255 1164 1474 1254 inquit
1509 1165 1669 1250 illa,
1706 1189 1981 1255 quaeror
2016 1166 2087 1235 in
2126 1167 2313 1237 silvis
2352 1169 2565 1240 latens
2584 1219 2608 1256 ,

763 1282 781 1369 ξ
953 1312 992 1347 22
1037 1285 1126 1351 Et
1161 1294 1386 1370 empta
1421 1278 1649 1370 magni
1685 1278 1889 1349 subeo
1926 1278 2209 1350 divitum
2256 1280 2531 1370 domos,

955 1430 996 1465 υ
1043 1400 1410 1490 Meumque
1443 1413 1713 1468 cunctos
1752 1398 2007 1468 detinet
2046 1417 2305 1491 gratum
2344 1400 2595 1485 melos,

954 1550 993 1585 η
1039 1517 1319 1588 Somnos
1357 1516 1651 1602 reducit,
1680 1510 1947 1609 asperas
1985 1536 2173 1587 curas
2208 1518 2428 1588 levat.

958 1660 996 1697 υ
1042 1631 1221 1719 Quid
1257 1630 1489 1700 horum
1530 1629 1752 1699 simile
1793 1630 1963 1698 mihi
2006 1646 2078 1697 tu
2113 1628 2355 1720 jactes,
2396 1630 2689 1701 rustice?

954 1777 993 1812 n
1039 1747 1212 1815 Huic
1248 1749 1502 1817 Anser:
1553 1746 1839 1829 Pudeat,
1878 1745 2155 1829 misera,
2194 1760 2260 1815 te
2298 1745 2477 1814 vocis
2526 1761 2715 1828 tuae,

953 1894 1014 1961 η,
1037 1864 1165 1934 Cui
1212 1866 1308 1933 nil
1357 1864 1620 1934 canori:
1660 1878 1905 1955 quanto
1944 1863 2114 1934 mihi
2154 1863 2409 1955 gravior
2446 1861 2659 1947 tuba?

953 2006 992 2043 n
1035 1981 1176 2069 Ego
1213 2000 1400 2047 aures
1437 1977 1736 2047 omnium
1774 1977 2061 2067 impleo,
2100 1992 2170 2049 et
2206 2002 2517 2069 magnum
2557 2002 2758 2047 sono.

955 2122 994 2157 κ
1040 2094 1222 2161 Haec
1259 2092 1458 2161 ambo
1493 2077 1763 2161 secum:
1806 2090 1972 2161 forte
2010 2115 2139 2159 non
2178 2092 2370 2162 valde
2408 2094 2632 2182 procul

957 2238 996 2274 n
1041 2209 1363 2279 Pascebat
1409 2209 1693 2279 Asinus:
1734 2210 1909 2279 hune
1942 2210 2282 2300 appellant
2319 2210 2607 2305 judicem
2632 2262 2653 2281 .

925 2357 992 2415 ,η
1035 2330 1334 2419 Repente
1369 2329 1619 2399 auritus
1653 2330 1873 2419 coepit
1906 2328 2343 2399 intumescere
2407 2410 2415 2417 ,

953 2474 992 2513 υ
1037 2446 1300 2518 Honore
1336 2447 1647 2538 insolit03
1688 2472 1887 2540 seque
1922 2470 2368 2539 componens,
2406 2446 2624 2540 gravis

953 2591 993 2628 n
1037 2563 1358 2634 Consedit
1394 2563 1692 2634 medius.
1731 2561 2007 2632 Interim
2047 2561 2282 2631 alterni
2320 2577 2563 2629 canunt
2587 2614 2605 2630 .

954 2705 993 2741 n
1037 2678 1213 2746 Tum
1247 2693 1476 2767 captus
1513 2674 1760 2745 Asinus
1800 2674 2079 2743 stridula
2115 2654 2273 2742 uoce
2303 2673 2623 2759 Anseris,

954 2821 994 2858 n
1041 2796 1232 2862 Hanc
1269 2793 1574 2863 delicatis
1610 2791 1894 2882 praefert
1928 2791 2280 2862 Lusciniae
2317 2790 2534 2862 modis
2562 2845 2583 2864 .

951 2936 992 2971 ω
1045 2905 1184 2972 Vae
1220 2902 1547 2971 litteratis
1580 2900 1702 2972 suh
1746 2901 2009 2972 asinino
2032 2901 2298 2998 judice.

863 3023 968 3091 Ex
1000 3015 1129 3085 hac
1163 3036 1294 3083 una
1339 3013 1741 3104 reliquarum
1782 3014 1985 3086 etiam
2004 3069 2025 3101 ,
2064 3039 2233 3108 quae
2266 3015 2597 3107 plurimae
2638 3030 2817 3098 sunt,

770 3145 1186 3208 venustatem
1208 3180 1232 3215 ,
1271 3128 1911 3220 pulcritudinemque
1946 3129 2323 3220 cognoscite
2344 3181 2361 3200 .

861 3243 1062 3334 Quod
1101 3243 1158 3311 si
1187 3265 1273 3311 ex
1307 3242 1476 3312 fictis
1511 3243 1949 3315 animantium
1975 3224 2321 3334 colloquiis
2360 3243 2445 3314 ad
2468 3244 2817 3336 elegantes

769 3361 1120 3436 hominum
1175 3377 1398 3432 coetus
1445 3360 1655 3433 libeat
1688 3363 1987 3434 animum
2040 3364 2379 3434 traducere
2402 3415 2423 3448 ,
2480 3354 2818 3450 numquid

770 3479 995 3552 verius
1034 3477 1286 3570 aliquid
1343 3495 1558 3570 potest
1614 3503 1761 3552 esse
1798 3504 1877 3550 ac
1922 3480 2294 3572 simplicius
2330 3479 2621 3550 Ferrarii
2677 3493 2825 3540 ver-

769 3597 962 3668 sibus
998 3597 1072 3668 in
1117 3597 1564 3690 disputatione
1619 3615 1689 3669 et
1724 3599 1983 3691 dial‘ogo
2036 3599 2341 3691 scriptis?
2374 3601 2519 3670 Hos
2558 3613 2683 3682 ego
2731 3586 2825 3654 le-

775 3737 941 3808 gens
977 3715 1072 3787 ita
1096 3713 1345 3788 afficior
1380 3715 1756 3809 voluptate,
1778 3735 1853 3790 ut
1890 3716 2058 3788 mihi
2102 3717 2379 3809 videar(
2390 3729 2737 3812 tamquam
2781 3725 2823 3770 ἃ

769 3827 1230 3922 praesentibus
1267 3853 1489 3902 coram
1536 3828 1857 3902 habeatur
1888 3830 2149 3921 sermo)
2206 3831 2277 3900 in
2316 3829 2540 3918 aliquo
2590 3815 2821 3888 erudi-

773 3961 990 4024 torum
1027 3963 1352 4023 conventu
1393 3949 1677 4051 jucunde
1718 3949 2213 4038 versari,oculis
2252 3969 2454 4044 prope
2498 3949 2823 4028 usurpare
