<?xml version="1.0" encoding="UTF-8"?>
<!DOCTYPE html PUBLIC "-//W3C//DTD XHTML 1.0 Transitional//EN"
    "http://www.w3.org/TR/xhtml1/DTD/xhtml1-transitional.dtd">
<html xmlns="http://www.w3.org/1999/xhtml" xml:lang="en" lang="en">
 <head>
  <title>
</title>
<meta http-equiv="Content-Type" content="text/html;charset=utf-8" />
  <meta name='ocr-system' content='tesseract 3.04.00' />
  <meta name='ocr-capabilities' content='ocr_page ocr_carea ocr_par ocr_line ocrx_word'/>
</head>
<body>
  <div class='ocr_page' id='page_1' title='image "./vitaevirorumill01melagoog_0195.png"; bbox 0 0 3125 4975; ppageno 0'>
   <div class='ocr_carea' id='block_1_1' title="bbox 764 298 1876 393">
    <p class='ocr_par' dir='ltr' id='par_1_1' title="bbox 764 298 1876 393">
     <span class='ocr_line' id='line_1_1' title="bbox 764 298 1876 393; baseline -0.004 -21"><span class='ocrx_word' id='word_1_1' title='bbox 764 298 897 393; x_wconf 67' lang='lat'><strong>148</strong></span> <span class='ocrx_word' id='word_1_2' title='bbox 1708 314 1876 369; x_wconf 66' lang='lat' dir='ltr'><strong>vira</strong></span> 
     </span>
    </p>
   </div>
   <div class='ocr_carea' id='block_1_2' title="bbox 655 432 2792 3180">
    <p class='ocr_par' dir='ltr' id='par_1_2' title="bbox 734 432 2792 764">
     <span class='ocr_line' id='line_1_2' title="bbox 734 432 2792 533; baseline 0.001 -22"><span class='ocrx_word' id='word_1_3' title='bbox 734 439 833 511; x_wconf 81' lang='lat' dir='ltr'><strong>les</strong></span> <span class='ocrx_word' id='word_1_4' title='bbox 874 443 1149 513; x_wconf 69' lang='lat' dir='ltr'><strong>decent.</strong></span> <span class='ocrx_word' id='word_1_5' title='bbox 1190 432 1511 509; x_wconf 81' lang='lat' dir='ltr'>Publicae</span> <span class='ocrx_word' id='word_1_6' title='bbox 1575 460 1834 527; x_wconf 89' lang='lat' dir='ltr'><strong>quoque</strong></span> <span class='ocrx_word' id='word_1_7' title='bbox 1882 434 2299 509; x_wconf 82' lang='lat' dir='ltr'>habebantur</span> <span class='ocrx_word' id='word_1_8' title='bbox 2335 434 2792 533; x_wconf 75' lang='lat' dir='ltr'><strong>Academiae,</strong></span> 
     </span>
     <span class='ocr_line' id='line_1_3' title="bbox 746 552 2789 652; baseline 0 -23"><span class='ocrx_word' id='word_1_9' title='bbox 746 586 912 652; x_wconf 87' lang='lat' dir='ltr'><strong>quas</strong></span> <span class='ocrx_word' id='word_1_10' title='bbox 984 555 1331 627; x_wconf 72' lang='lat' dir='ltr'><strong>le⁶tissimi</strong></span> <span class='ocrx_word' id='word_1_11' title='bbox 1395 578 1472 622; x_wconf 90' lang='lat' dir='ltr'><strong>ac</strong></span> <span class='ocrx_word' id='word_1_12' title='bbox 1535 552 2006 623; x_wconf 79' lang='lat' dir='ltr'><strong>litteratissimi</strong></span> <span class='ocrx_word' id='word_1_13' title='bbox 2061 554 2188 628; x_wconf 82' lang='lat' dir='ltr'><strong>viri</strong></span> <span class='ocrx_word' id='word_1_14' title='bbox 2241 555 2604 647; x_wconf 76' lang='lat' dir='ltr'><strong>ornabant,</strong></span> <span class='ocrx_word' id='word_1_15' title='bbox 2657 561 2789 633; x_wconf 68' lang='lat' dir='ltr'><strong>ali-</strong></span> 
     </span>
     <span class='ocr_line' id='line_1_4' title="bbox 748 666 1990 764; baseline -0.003 -23"><span class='ocrx_word' id='word_1_16' title='bbox 748 672 1008 764; x_wconf 86' lang='lat' dir='ltr'><strong>quando</strong></span> <span class='ocrx_word' id='word_1_17' title='bbox 1046 668 1248 739; x_wconf 84' lang='lat' dir='ltr'><strong>etiam</strong></span> <span class='ocrx_word' id='word_1_18' title='bbox 1290 666 1582 735; x_wconf 78' lang='lat' dir='ltr'><strong>civitatis</strong></span> <span class='ocrx_word' id='word_1_19' title='bbox 1621 683 1950 757; x_wconf 85' lang='lat' dir='ltr'><strong>praetores</strong></span> <span class='ocrx_word' id='word_1_20' title='bbox 1973 716 1990 737; x_wconf 83' lang='lat'><strong>.</strong></span> 
     </span>
    </p>

    <p class='ocr_par' dir='ltr' id='par_1_3' title="bbox 655 778 2790 1227">
     <span class='ocr_line' id='line_1_5' title="bbox 836 778 2790 875; baseline 0.002 -15"><span class='ocrx_word' id='word_1_21' title='bbox 836 790 985 861; x_wconf 86' lang='lat' dir='ltr'><strong>Nec</strong></span> <span class='ocrx_word' id='word_1_22' title='bbox 1024 812 1155 857; x_wconf 91' lang='lat' dir='ltr'><strong>una</strong></span> <span class='ocrx_word' id='word_1_23' title='bbox 1193 802 1451 855; x_wconf 85' lang='lat' dir='ltr'><strong>tanturn</strong></span> <span class='ocrx_word' id='word_1_24' title='bbox 1494 784 1858 855; x_wconf 86' lang='lat' dir='ltr'><strong>domestica</strong></span> <span class='ocrx_word' id='word_1_25' title='bbox 1899 778 2304 875; x_wconf 77' lang='lat' dir='ltr'><strong>praefectura</strong></span> <span class='ocrx_word' id='word_1_26' title='bbox 2339 810 2493 859; x_wconf 86' lang='lat' dir='ltr'><strong>eum</strong></span> <span class='ocrx_word' id='word_1_27' title='bbox 2529 811 2790 863; x_wconf 77' lang='lat' dir='ltr'><strong>exerce·</strong></span> 
     </span>
     <span class='ocr_line' id='line_1_6' title="bbox 655 902 2790 1001; baseline 0.001 -24"><span class='ocrx_word' id='word_1_28' title='bbox 655 926 661 937; x_wconf 86' lang='lat'>&#39;</span> <span class='ocrx_word' id='word_1_29' title='bbox 746 908 903 993; x_wconf 83' lang='lat' dir='ltr'><strong>bat,</strong></span> <span class='ocrx_word' id='word_1_30' title='bbox 954 922 1024 976; x_wconf 89' lang='lat' dir='ltr'><strong>et</strong></span> <span class='ocrx_word' id='word_1_31' title='bbox 1086 904 1351 975; x_wconf 86' lang='lat' dir='ltr'><strong>scholae</strong></span> <span class='ocrx_word' id='word_1_32' title='bbox 1398 902 1819 1001; x_wconf 82' lang='lat' dir='ltr'><strong>quotidianus</strong></span> <span class='ocrx_word' id='word_1_33' title='bbox 1875 906 2174 975; x_wconf 82' lang='lat' dir='ltr'><strong>assiduus</strong></span> <span class='ocrx_word' id='word_1_34' title='bbox 2227 906 2452 977; x_wconf 83' lang='lat' dir='ltr'><strong>labor.</strong></span> <span class='ocrx_word' id='word_1_35' title='bbox 2493 908 2647 977; x_wconf 84' lang='lat' dir='ltr'><strong>Alia</strong></span> <span class='ocrx_word' id='word_1_36' title='bbox 2685 911 2790 981; x_wconf 84' lang='lat' dir='ltr'><strong>in·</strong></span> 
     </span>
     <span class='ocr_line' id='line_1_7' title="bbox 748 1014 2786 1111; baseline 0.002 -22"><span class='ocrx_word' id='word_1_37' title='bbox 748 1041 983 1111; x_wconf 80' lang='lat' dir='ltr'><strong>super,</strong></span> <span class='ocrx_word' id='word_1_38' title='bbox 1022 1032 1096 1087; x_wconf 89' lang='lat' dir='ltr'><strong>ut</strong></span> <span class='ocrx_word' id='word_1_39' title='bbox 1152 1034 1345 1085; x_wconf 89' lang='lat' dir='ltr'><strong>antea</strong></span> <span class='ocrx_word' id='word_1_40' title='bbox 1378 1014 1670 1085; x_wconf 78' lang='lat' dir='ltr'><strong>diximus</strong></span> <span class='ocrx_word' id='word_1_41' title='bbox 1693 1068 1714 1100; x_wconf 85' lang='lat'>‚</span> <span class='ocrx_word' id='word_1_42' title='bbox 1755 1015 2020 1088; x_wconf 81' lang='lat' dir='ltr'>aliunde</span> <span class='ocrx_word' id='word_1_43' title='bbox 2057 1018 2496 1090; x_wconf 81' lang='lat' dir='ltr'><strong>accedebant.</strong></span> <span class='ocrx_word' id='word_1_44' title='bbox 2551 1024 2786 1095; x_wconf 72' lang='lat' dir='ltr'><strong>Multi.</strong></span> 
     </span>
     <span class='ocr_line' id='line_1_8' title="bbox 750 1127 2582 1227; baseline 0 -22"><span class='ocrx_word' id='word_1_45' title='bbox 750 1135 913 1227; x_wconf 84' lang='lat' dir='ltr'><strong>plici</strong></span> <span class='ocrx_word' id='word_1_46' title='bbox 956 1130 1392 1201; x_wconf 83' lang='lat' dir='ltr'><strong>distinebatur</strong></span> <span class='ocrx_word' id='word_1_47' title='bbox 1428 1127 1788 1217; x_wconf 75' lang='lat' dir='ltr'><strong>multiplex</strong></span> <span class='ocrx_word' id='word_1_48' title='bbox 1825 1129 1967 1222; x_wconf 82' lang='lat' dir='ltr'><strong>ejus</strong></span> <span class='ocrx_word' id='word_1_49' title='bbox 2007 1132 2348 1224; x_wconf 80' lang='lat' dir='ltr'><strong>ingenium</strong></span> <span class='ocrx_word' id='word_1_50' title='bbox 2385 1160 2540 1207; x_wconf 89' lang='lat' dir='ltr'><strong>cura</strong></span> <span class='ocrx_word' id='word_1_51' title='bbox 2565 1182 2582 1205; x_wconf 83' lang='grc'><strong>.</strong></span> 
     </span>
    </p>

    <p class='ocr_par' dir='ltr' id='par_1_4' title="bbox 743 1246 2787 2617">
     <span class='ocr_line' id='line_1_9' title="bbox 842 1246 2782 1347; baseline 0.002 -22"><span class='ocrx_word' id='word_1_52' title='bbox 842 1252 1124 1325; x_wconf 84' lang='lat' dir='ltr'><strong>Interim</strong></span> <span class='ocrx_word' id='word_1_53' title='bbox 1162 1246 1460 1319; x_wconf 84' lang='lat' dir='ltr'><strong>vertebat</strong></span> <span class='ocrx_word' id='word_1_54' title='bbox 1496 1270 1704 1315; x_wconf 86' lang='lat' dir='ltr'><strong>annus</strong></span> <span class='ocrx_word' id='word_1_55' title='bbox 1743 1248 1954 1339; x_wconf 86' lang='lat' dir='ltr'><strong>elapsi</strong></span> <span class='ocrx_word' id='word_1_56' title='bbox 1992 1252 2240 1323; x_wconf 88' lang='lat' dir='ltr'><strong>saeculi</strong></span> <span class='ocrx_word' id='word_1_57' title='bbox 2295 1258 2738 1347; x_wconf 73' lang='lat' dir='ltr'><strong>sexagesimus</strong></span> <span class='ocrx_word' id='word_1_58' title='bbox 2759 1306 2782 1344; x_wconf 83' lang='lat'><strong>,</strong></span> 
     </span>
     <span class='ocr_line' id='line_1_10' title="bbox 754 1368 2786 1467; baseline 0 -23"><span class='ocrx_word' id='word_1_59' title='bbox 754 1392 907 1444; x_wconf 81' lang='lat' dir='ltr'><strong>eum</strong></span> <span class='ocrx_word' id='word_1_60' title='bbox 946 1368 1209 1461; x_wconf 80' lang='lat' dir='ltr'><strong>collegii</strong></span> <span class='ocrx_word' id='word_1_61' title='bbox 1244 1390 1468 1437; x_wconf 87' lang='lat' dir='ltr'><strong>curam</strong></span> <span class='ocrx_word' id='word_1_62' title='bbox 1506 1382 1846 1456; x_wconf 85' lang='lat' dir='ltr'><strong>pertaesus</strong></span> <span class='ocrx_word' id='word_1_63' title='bbox 1883 1371 2192 1441; x_wconf 87' lang='lat' dir='ltr'><strong>eamdem</strong></span> <span class='ocrx_word' id='word_1_64' title='bbox 2233 1370 2567 1445; x_wconf 82' lang='lat' dir='ltr'><strong>dimittere</strong></span> <span class='ocrx_word' id='word_1_65' title='bbox 2605 1376 2786 1467; x_wconf 79' lang='lat' dir='ltr'><strong>cogi·</strong></span> 
     </span>
     <span class='ocr_line' id='line_1_11' title="bbox 749 1478 2778 1570; baseline -0.004 -13"><span class='ocrx_word' id='word_1_66' title='bbox 749 1488 973 1557; x_wconf 81' lang='lat' dir='ltr'><strong>tabat.</strong></span> <span class='ocrx_word' id='word_1_67' title='bbox 1032 1484 1131 1553; x_wconf 90' lang='lat' dir='ltr'><strong>Ut</strong></span> <span class='ocrx_word' id='word_1_68' title='bbox 1182 1502 1333 1551; x_wconf 89' lang='lat' dir='ltr'><strong>eum</strong></span> <span class='ocrx_word' id='word_1_69' title='bbox 1389 1494 1754 1548; x_wconf 85' lang='lat' dir='ltr'><strong>removeret</strong></span> <span class='ocrx_word' id='word_1_70' title='bbox 1807 1478 1895 1549; x_wconf 89' lang='lat' dir='ltr'><strong>ab</strong></span> <span class='ocrx_word' id='word_1_71' title='bbox 1931 1481 2058 1551; x_wconf 91' lang='lat' dir='ltr'><strong>hoc</strong></span> <span class='ocrx_word' id='word_1_72' title='bbox 2095 1484 2370 1558; x_wconf 85' lang='lat' dir='ltr'><strong>consilio</strong></span> <span class='ocrx_word' id='word_1_73' title='bbox 2394 1538 2414 1570; x_wconf 88' lang='lat'><em>,</em></span> <span class='ocrx_word' id='word_1_74' title='bbox 2452 1485 2622 1556; x_wconf 86' lang='lat' dir='ltr'><strong>nihil</strong></span> <span class='ocrx_word' id='word_1_75' title='bbox 2669 1488 2778 1556; x_wconf 64' lang='lat' dir='ltr'><strong>in-</strong></span> 
     </span>
     <span class='ocr_line' id='line_1_12' title="bbox 754 1592 2782 1685; baseline 0 -16"><span class='ocrx_word' id='word_1_76' title='bbox 754 1612 1081 1669; x_wconf 84' lang='lat' dir='ltr'><strong>tentatum</strong></span> <span class='ocrx_word' id='word_1_77' title='bbox 1117 1594 1385 1685; x_wconf 83' lang='lat' dir='ltr'><strong>reliquit</strong></span> <span class='ocrx_word' id='word_1_78' title='bbox 1418 1594 1524 1663; x_wconf 87' lang='lat' dir='ltr'><strong>Jo.</strong></span> <span class='ocrx_word' id='word_1_79' title='bbox 1563 1592 1894 1661; x_wconf 84' lang='lat' dir='ltr'><strong>Antonius</strong></span> <span class='ocrx_word' id='word_1_80' title='bbox 1933 1597 2250 1667; x_wconf 87' lang='lat' dir='ltr'><strong>Brontura</strong></span> <span class='ocrx_word' id='word_1_81' title='bbox 2284 1598 2386 1668; x_wconf 81' lang='lat' dir='ltr'><strong>vir</strong></span> <span class='ocrx_word' id='word_1_82' title='bbox 2429 1600 2782 1671; x_wconf 71' lang='lat' dir='ltr'><strong>instituen-</strong></span> 
     </span>
     <span class='ocr_line' id='line_1_13' title="bbox 752 1704 2787 1805; baseline -0.001 -20"><span class='ocrx_word' id='word_1_83' title='bbox 752 1714 879 1785; x_wconf 82' lang='lat' dir='ltr'><strong>dae</strong></span> <span class='ocrx_word' id='word_1_84' title='bbox 916 1706 1275 1805; x_wconf 77' lang='lat' dir='ltr'><strong>juventutis</strong></span> <span class='ocrx_word' id='word_1_85' title='bbox 1312 1704 1926 1795; x_wconf 80' lang='lat' dir='ltr'><strong>experientissimus</strong></span> <span class='ocrx_word' id='word_1_86' title='bbox 1963 1709 2110 1798; x_wconf 83' lang='lat'><em>(1),</em></span> <span class='ocrx_word' id='word_1_87' title='bbox 2159 1732 2358 1799; x_wconf 88' lang='lat' dir='ltr'><strong>quem</strong></span> <span class='ocrx_word' id='word_1_88' title='bbox 2395 1710 2526 1781; x_wconf 89' lang='lat' dir='ltr'><strong>sibi</strong></span> <span class='ocrx_word' id='word_1_89' title='bbox 2565 1714 2633 1781; x_wconf 83' lang='lat' dir='ltr'><strong>in</strong></span> <span class='ocrx_word' id='word_1_90' title='bbox 2683 1738 2787 1783; x_wconf 80' lang='lat' dir='ltr'><strong>so-</strong></span> 
     </span>
     <span class='ocr_line' id='line_1_14' title="bbox 744 1816 2774 1907; baseline -0.001 -11"><span class='ocrx_word' id='word_1_91' title='bbox 744 1827 1061 1897; x_wconf 82' lang='lat' dir='ltr'><strong>cietatem</strong></span> <span class='ocrx_word' id='word_1_92' title='bbox 1098 1818 1341 1890; x_wconf 86' lang='lat' dir='ltr'><strong>laboris</strong></span> <span class='ocrx_word' id='word_1_93' title='bbox 1395 1816 1762 1887; x_wconf 79' lang='lat' dir='ltr'><strong>adsciverat</strong></span> <span class='ocrx_word' id='word_1_94' title='bbox 1813 1818 2275 1893; x_wconf 80' lang='lat' dir='ltr'><strong>Sebastianus.</strong></span> <span class='ocrx_word' id='word_1_95' title='bbox 2315 1823 2574 1907; x_wconf 83' lang='lat' dir='ltr'><strong>Suasit,</strong></span> <span class='ocrx_word' id='word_1_96' title='bbox 2623 1848 2774 1897; x_wconf 66' lang='lat' dir='ltr'><strong>ora·</strong></span> 
     </span>
     <span class='ocr_line' id='line_1_15' title="bbox 744 1937 2778 2031; baseline -0.001 -19"><span class='ocrx_word' id='word_1_97' title='bbox 744 1942 848 2011; x_wconf 78' lang='lat' dir='ltr'><strong>vit</strong></span> <span class='ocrx_word' id='word_1_98' title='bbox 868 1988 891 2027; x_wconf 86' lang='lat'><strong><em>,</em></strong></span> <span class='ocrx_word' id='word_1_99' title='bbox 946 1938 1229 2011; x_wconf 84' lang='lat' dir='ltr'><strong>institit.</strong></span> <span class='ocrx_word' id='word_1_100' title='bbox 1278 1938 1527 2028; x_wconf 83' lang='lat' dir='ltr'><strong>Magna</strong></span> <span class='ocrx_word' id='word_1_101' title='bbox 1573 1937 1752 2008; x_wconf 84' lang='lat' dir='ltr'><strong>enim</strong></span> <span class='ocrx_word' id='word_1_102' title='bbox 1787 1954 1928 2011; x_wconf 86' lang='lat' dir='ltr'><strong>erat</strong></span> <span class='ocrx_word' id='word_1_103' title='bbox 1961 1938 2304 2011; x_wconf 86' lang='lat' dir='ltr'><strong>hominum</strong></span> <span class='ocrx_word' id='word_1_104' title='bbox 2341 1940 2428 2009; x_wconf 87' lang='lat' dir='ltr'><strong>de</strong></span> <span class='ocrx_word' id='word_1_105' title='bbox 2463 1939 2582 2009; x_wconf 85' lang='lat' dir='ltr'><strong>illo</strong></span> <span class='ocrx_word' id='word_1_106' title='bbox 2636 1945 2778 2031; x_wconf 84' lang='lat' dir='ltr'><strong>opi-</strong></span> 
     </span>
     <span class='ocr_line' id='line_1_16' title="bbox 743 2054 2772 2149; baseline -0.002 -19"><span class='ocrx_word' id='word_1_107' title='bbox 743 2060 859 2131; x_wconf 85' lang='lat' dir='ltr'><strong>nio</strong></span> <span class='ocrx_word' id='word_1_108' title='bbox 881 2112 898 2128; x_wconf 90' lang='lat'><strong><em>.</em></strong></span> <span class='ocrx_word' id='word_1_109' title='bbox 948 2062 1017 2129; x_wconf 86' lang='lat' dir='ltr'><strong>Is</strong></span> <span class='ocrx_word' id='word_1_110' title='bbox 1072 2078 1147 2127; x_wconf 86' lang='lat' dir='ltr'><strong>se</strong></span> <span class='ocrx_word' id='word_1_111' title='bbox 1202 2054 1481 2126; x_wconf 86' lang='lat' dir='ltr'><strong>detineri</strong></span> <span class='ocrx_word' id='word_1_112' title='bbox 1536 2056 1874 2149; x_wconf 83' lang='lat' dir='ltr'><strong>paulisper</strong></span> <span class='ocrx_word' id='word_1_113' title='bbox 1925 2080 2193 2149; x_wconf 83' lang='lat' dir='ltr'><strong>passus,</strong></span> <span class='ocrx_word' id='word_1_114' title='bbox 2251 2056 2448 2149; x_wconf 86' lang='lat' dir='ltr'><strong>paulo</strong></span> <span class='ocrx_word' id='word_1_115' title='bbox 2483 2074 2634 2148; x_wconf 82' lang='lat' dir='ltr'><strong>post</strong></span> <span class='ocrx_word' id='word_1_116' title='bbox 2683 2082 2772 2133; x_wconf 77' lang='lat' dir='ltr'><strong>ex</strong></span> 
     </span>
     <span class='ocr_line' id='line_1_17' title="bbox 750 2162 2774 2270; baseline -0.001 -23"><span class='ocrx_word' id='word_1_117' title='bbox 750 2162 1031 2269; x_wconf 77' lang='lat' dir='ltr'><strong>collegio</strong></span> <span class='ocrx_word' id='word_1_118' title='bbox 1084 2176 1353 2245; x_wconf 86' lang='lat' dir='ltr'><strong>recessit</strong></span> <span class='ocrx_word' id='word_1_119' title='bbox 1426 2177 1496 2243; x_wconf 88' lang='lat' dir='ltr'><strong>in</strong></span> <span class='ocrx_word' id='word_1_120' title='bbox 1536 2174 1806 2245; x_wconf 89' lang='lat' dir='ltr'><strong>domum</strong></span> <span class='ocrx_word' id='word_1_121' title='bbox 1831 2230 1853 2261; x_wconf 87' lang='lat'>‚</span> <span class='ocrx_word' id='word_1_122' title='bbox 1901 2200 2100 2270; x_wconf 81' lang='lat' dir='ltr'><strong>quam</strong></span> <span class='ocrx_word' id='word_1_123' title='bbox 2135 2176 2392 2247; x_wconf 87' lang='lat' dir='ltr'><strong>Patavii</strong></span> <span class='ocrx_word' id='word_1_124' title='bbox 2443 2174 2572 2245; x_wconf 81' lang='lat' dir='ltr'><strong>sibi</strong></span> <span class='ocrx_word' id='word_1_125' title='bbox 2617 2200 2774 2245; x_wconf 87' lang='lat' dir='ltr'><strong>con-</strong></span> 
     </span>
     <span class='ocr_line' id='line_1_18' title="bbox 754 2292 2774 2388; baseline -0 -24"><span class='ocrx_word' id='word_1_126' title='bbox 754 2294 1033 2364; x_wconf 83' lang='lat' dir='ltr'><strong>duxerat</strong></span> <span class='ocrx_word' id='word_1_127' title='bbox 1056 2343 1078 2379; x_wconf 85' lang='lat'>,</span> <span class='ocrx_word' id='word_1_128' title='bbox 1130 2292 1246 2362; x_wconf 84' lang='lat' dir='ltr'><strong>ubi</strong></span> <span class='ocrx_word' id='word_1_129' title='bbox 1302 2292 1658 2365; x_wconf 86' lang='lat' dir='ltr'><strong>triennium</strong></span> <span class='ocrx_word' id='word_1_130' title='bbox 1707 2296 1968 2367; x_wconf 83' lang='lat' dir='ltr'><strong>circiter</strong></span> <span class='ocrx_word' id='word_1_131' title='bbox 2008 2296 2298 2388; x_wconf 86' lang='lat' dir='ltr'><strong>privatus</strong></span> <span class='ocrx_word' id='word_1_132' title='bbox 2337 2294 2582 2365; x_wconf 82' lang='lat' dir='ltr'><strong>mansit</strong></span> <span class='ocrx_word' id='word_1_133' title='bbox 2606 2344 2622 2362; x_wconf 91' lang='lat'><strong><em>.</em></strong></span> <span class='ocrx_word' id='word_1_134' title='bbox 2667 2292 2774 2363; x_wconf 89' lang='lat' dir='ltr'><strong>Ibi</strong></span> 
     </span>
     <span class='ocr_line' id='line_1_19' title="bbox 748 2406 2778 2501; baseline -0.002 -22"><span class='ocrx_word' id='word_1_135' title='bbox 748 2409 1100 2481; x_wconf 79' lang='lat' dir='ltr'><strong>nonnullos</strong></span> <span class='ocrx_word' id='word_1_136' title='bbox 1138 2407 1411 2477; x_wconf 79' lang='lat' dir='ltr'><strong>honesto</strong></span> <span class='ocrx_word' id='word_1_137' title='bbox 1458 2432 1696 2501; x_wconf 79' lang='lat' dir='ltr'><strong>genere</strong></span> <span class='ocrx_word' id='word_1_138' title='bbox 1735 2410 2186 2483; x_wconf 81' lang='lat' dir='ltr'><strong>adolescentes</strong></span> <span class='ocrx_word' id='word_1_139' title='bbox 2221 2408 2531 2501; x_wconf 81' lang='lat' dir='ltr'><strong>privatim</strong></span> <span class='ocrx_word' id='word_1_140' title='bbox 2585 2406 2778 2477; x_wconf 79' lang='lat' dir='ltr'><strong>insti·-</strong></span> 
     </span>
     <span class='ocr_line' id='line_1_20' title="bbox 747 2522 2604 2617; baseline 0 -25"><span class='ocrx_word' id='word_1_141' title='bbox 747 2523 914 2592; x_wconf 71' lang='lat' dir='ltr'><strong>tuitz</strong></span> <span class='ocrx_word' id='word_1_142' title='bbox 955 2522 1077 2596; x_wconf 87' lang='lat' dir='ltr'><strong>hos</strong></span> <span class='ocrx_word' id='word_1_143' title='bbox 1109 2522 1282 2593; x_wconf 84' lang='lat' dir='ltr'><strong>inter</strong></span> <span class='ocrx_word' id='word_1_144' title='bbox 1318 2524 1638 2617; x_wconf 84' lang='lat' dir='ltr'><strong>quosdam</strong></span> <span class='ocrx_word' id='word_1_145' title='bbox 1679 2523 1884 2592; x_wconf 90' lang='lat' dir='ltr'><strong>etiam</strong></span> <span class='ocrx_word' id='word_1_146' title='bbox 1925 2526 2235 2614; x_wconf 85' lang='lat' dir='ltr'><strong>patricios</strong></span> <span class='ocrx_word' id='word_1_147' title='bbox 2272 2539 2604 2598; x_wconf 80' lang='lat' dir='ltr'><strong>venetos.·</strong></span> 
     </span>
    </p>

    <p class='ocr_par' dir='ltr' id='par_1_5' title="bbox 740 2633 2780 3180">
     <span class='ocr_line' id='line_1_21' title="bbox 839 2633 2780 2749; baseline -0.002 -40"><span class='ocrx_word' id='word_1_148' title='bbox 839 2637 1183 2709; x_wconf 72' lang='lat' dir='ltr'><strong>vicetiam</strong></span> <span class='ocrx_word' id='word_1_149' title='bbox 1222 2657 1449 2728; x_wconf 90' lang='lat' dir='ltr'><strong>postea</strong></span> <span class='ocrx_word' id='word_1_150' title='bbox 1487 2661 1560 2704; x_wconf 85' lang='lat' dir='ltr'><strong>se</strong></span> <span class='ocrx_word' id='word_1_151' title='bbox 1597 2635 1915 2718; x_wconf 87' lang='lat' dir='ltr'><strong>contulit,</strong></span> <span class='ocrx_word' id='word_1_152' title='bbox 1953 2635 2180 2722; x_wconf 86' lang='lat' dir='ltr'><strong>ibique</strong></span> <span class='ocrx_word' id='word_1_153' title='bbox 2217 2657 2370 2749; x_wconf 49' lang='grc' dir='ltr'><strong>ἔθυε</strong></span> <span class='ocrx_word' id='word_1_154' title='bbox 2411 2650 2513 2701; x_wconf 79' lang='lat' dir='ltr'><strong>est</strong></span> <span class='ocrx_word' id='word_1_155' title='bbox 2567 2633 2780 2705; x_wconf 86' lang='lat' dir='ltr'><strong>simili</strong></span> 
     </span>
     <span class='ocr_line' id='line_1_22' title="bbox 746 2745 2777 2834; baseline -0.003 -14"><span class='ocrx_word' id='word_1_156' title='bbox 746 2745 926 2820; x_wconf 73' lang='lat' dir='ltr'><strong>vitae</strong></span> <span class='ocrx_word' id='word_1_157' title='bbox 950 2750 1299 2820; x_wconf 77' lang='lat' dir='ltr'><strong>instituto.</strong></span> <span class='ocrx_word' id='word_1_158' title='bbox 1342 2751 1439 2816; x_wconf 70' lang='lat' dir='ltr'><strong>Ae</strong></span> <span class='ocrx_word' id='word_1_159' title='bbox 1494 2747 1655 2814; x_wconf 87' lang='lat' dir='ltr'><strong>licet</strong></span> <span class='ocrx_word' id='word_1_160' title='bbox 1691 2759 1908 2812; x_wconf 88' lang='lat' dir='ltr'><strong>aetate</strong></span> <span class='ocrx_word' id='word_1_161' title='bbox 1945 2745 2138 2814; x_wconf 78' lang='lat' dir='ltr'><strong>valde</strong></span> <span class='ocrx_word' id='word_1_162' title='bbox 2174 2759 2516 2834; x_wconf 81' lang='lat' dir='ltr'><strong>provectus</strong></span> <span class='ocrx_word' id='word_1_163' title='bbox 2565 2761 2777 2831; x_wconf 84' lang='lat' dir='ltr'><strong>esset,</strong></span> 
     </span>
     <span class='ocr_line' id='line_1_23' title="bbox 742 2853 2778 2945; baseline -0.003 -17"><span class='ocrx_word' id='word_1_164' title='bbox 742 2859 1079 2933; x_wconf 79' lang='lat' dir='ltr'><strong>fruebatur</strong></span> <span class='ocrx_word' id='word_1_165' title='bbox 1117 2873 1339 2928; x_wconf 86' lang='lat' dir='ltr'><strong>tamen</strong></span> <span class='ocrx_word' id='word_1_166' title='bbox 1378 2853 1735 2928; x_wconf 80' lang='lat' dir='ltr'><strong>admodum</strong></span> <span class='ocrx_word' id='word_1_167' title='bbox 1791 2877 2103 2945; x_wconf 84' lang='lat' dir='ltr'><strong>prospera</strong></span> <span class='ocrx_word' id='word_1_168' title='bbox 2139 2854 2546 2928; x_wconf 82' lang='lat' dir='ltr'><strong>valetudine.</strong></span> <span class='ocrx_word' id='word_1_169' title='bbox 2602 2859 2778 2928; x_wconf 85' lang='lat' dir='ltr'><strong>Ani..</strong></span> 
     </span>
     <span class='ocr_line' id='line_1_24' title="bbox 740 2985 2774 3070; baseline 0.002 -26"><span class='ocrx_word' id='word_1_170' title='bbox 740 2993 891 3044; x_wconf 85' lang='lat' dir='ltr'><strong>mus</strong></span> <span class='ocrx_word' id='word_1_171' title='bbox 928 2985 1343 3062; x_wconf 70' lang='lat' dir='ltr'><strong>experrectus</strong></span> <span class='ocrx_word' id='word_1_172' title='bbox 1380 2993 1458 3040; x_wconf 86' lang='lat' dir='ltr'><strong>ao</strong></span> <span class='ocrx_word' id='word_1_173' title='bbox 1491 2987 1874 3062; x_wconf 85' lang='lat' dir='ltr'><strong>promptus,</strong></span> <span class='ocrx_word' id='word_1_174' title='bbox 1911 2997 2145 3065; x_wconf 86' lang='lat' dir='ltr'><strong>corpus</strong></span> <span class='ocrx_word' id='word_1_175' title='bbox 2181 2989 2524 3066; x_wconf 76' lang='lat' dir='ltr'><strong>vegetum,</strong></span> <span class='ocrx_word' id='word_1_176' title='bbox 2562 2990 2774 3070; x_wconf 78' lang='lat' dir='ltr'><strong>neque</strong></span> 
     </span>
     <span class='ocr_line' id='line_1_25' title="bbox 742 3085 2776 3180; baseline 0.003 -24"><span class='ocrx_word' id='word_1_177' title='bbox 742 3089 941 3178; x_wconf 80' lang='lat' dir='ltr'><strong>longa</strong></span> <span class='ocrx_word' id='word_1_178' title='bbox 976 3085 1445 3158; x_wconf 79' lang='lat' dir='ltr'><strong>exercitatione</strong></span> <span class='ocrx_word' id='word_1_179' title='bbox 1490 3087 1990 3179; x_wconf 82' lang='lat' dir='ltr'><strong>ingravescens,</strong></span> <span class='ocrx_word' id='word_1_180' title='bbox 2028 3091 2202 3160; x_wconf 81' lang='lat' dir='ltr'><strong>vires</strong></span> <span class='ocrx_word' id='word_1_181' title='bbox 2239 3091 2630 3180; x_wconf 88' lang='lat' dir='ltr'><strong>athleticae,</strong></span> <span class='ocrx_word' id='word_1_182' title='bbox 2678 3093 2776 3164; x_wconf 82' lang='lat' dir='ltr'><strong>in-</strong></span> 
     </span>
    </p>
   </div>
   <div class='ocr_carea' id='block_1_3' title="bbox 744 3203 2681 3445">
    <p class='ocr_par' dir='ltr' id='par_1_6' title="bbox 744 3203 2681 3445">
     <span class='ocr_line' id='line_1_26' title="bbox 744 3203 2681 3304; baseline 0.007 -33"><span class='ocrx_word' id='word_1_183' title='bbox 744 3203 912 3300; x_wconf 73' lang='lat' dir='ltr'><strong>tegri</strong></span> <span class='ocrx_word' id='word_1_184' title='bbox 950 3204 1148 3299; x_wconf 85' lang='lat' dir='ltr'><strong>plane</strong></span> <span class='ocrx_word' id='word_1_185' title='bbox 1184 3227 1411 3280; x_wconf 78' lang='lat' dir='ltr'><strong>sensus</strong></span> <span class='ocrx_word' id='word_1_186' title='bbox 1448 3229 1658 3297; x_wconf 83' lang='lat' dir='ltr'><strong>usque</strong></span> <span class='ocrx_word' id='word_1_187' title='bbox 1693 3207 1778 3284; x_wconf 84' lang='lat' dir='ltr'><strong>ad</strong></span> <span class='ocrx_word' id='word_1_188' title='bbox 1814 3207 2124 3288; x_wconf 87' lang='lat' dir='ltr'><strong>ultimum</strong></span> <span class='ocrx_word' id='word_1_189' title='bbox 2162 3209 2339 3283; x_wconf 85' lang='lat' dir='ltr'><strong>vitae</strong></span> <span class='ocrx_word' id='word_1_190' title='bbox 2377 3224 2638 3304; x_wconf 82' lang='lat' dir='ltr'><strong>tempus</strong></span> <span class='ocrx_word' id='word_1_191' title='bbox 2663 3263 2681 3284; x_wconf 89' lang='lat'><strong>.</strong></span> 
     </span>
     <span class='ocr_line' id='line_1_27' title="bbox 1431 3405 2093 3445; baseline 0.003 -3"><span class='ocrx_word' id='word_1_192' title='bbox 1431 3405 2093 3445; x_wconf 56' lang='lat' dir='ltr'><strong>fflfflmffl</strong></span> 
     </span>
    </p>
   </div>
   <div class='ocr_carea' id='block_1_4' title="bbox 748 3515 2778 4038">
    <p class='ocr_par' dir='ltr' id='par_1_7' title="bbox 748 3515 2778 4038">
     <span class='ocr_line' id='line_1_28' title="bbox 834 3515 2774 3610; baseline 0.002 -25"><span class='ocrx_word' id='word_1_193' title='bbox 834 3515 936 3610; x_wconf 77' lang='lat' dir='ltr'><strong>(t)</strong></span> <span class='ocrx_word' id='word_1_194' title='bbox 970 3524 1030 3586; x_wconf 88' lang='lat' dir='ltr'><strong>Is</strong></span> <span class='ocrx_word' id='word_1_195' title='bbox 1068 3517 1421 3593; x_wconf 69' lang='lat' dir='ltr'><strong>Franzonum</strong></span> <span class='ocrx_word' id='word_1_196' title='bbox 1444 3565 1463 3600; x_wconf 82' lang='lat'><em>‚</em></span> <span class='ocrx_word' id='word_1_197' title='bbox 1500 3539 1576 3586; x_wconf 81' lang='lat' dir='ltr'><strong>ne</strong></span> <span class='ocrx_word' id='word_1_198' title='bbox 1614 3515 1936 3586; x_wconf 82' lang='lat' dir='ltr'><strong>discederet</strong></span> <span class='ocrx_word' id='word_1_199' title='bbox 1964 3571 1984 3602; x_wconf 93' lang='lat'>,</span> <span class='ocrx_word' id='word_1_200' title='bbox 2019 3517 2330 3590; x_wconf 79' lang='lat' dir='ltr'><strong>levandum</strong></span> <span class='ocrx_word' id='word_1_201' title='bbox 2362 3521 2580 3586; x_wconf 76' lang='lat' dir='ltr'><strong>eut-avit</strong></span> <span class='ocrx_word' id='word_1_202' title='bbox 2613 3521 2774 3588; x_wconf 78' lang='lat' dir='ltr'><strong>scho-</strong></span> 
     </span>
     <span class='ocr_line' id='line_1_29' title="bbox 748 3617 2774 3710; baseline 0 -21"><span class='ocrx_word' id='word_1_203' title='bbox 748 3617 842 3690; x_wconf 83' lang='lat' dir='ltr'><strong>lae</strong></span> <span class='ocrx_word' id='word_1_204' title='bbox 882 3637 1052 3687; x_wconf 80' lang='lat' dir='ltr'><strong>onere</strong></span> <span class='ocrx_word' id='word_1_205' title='bbox 1068 3670 1085 3686; x_wconf 89' lang='lat'><strong><em>.</em></strong></span> <span class='ocrx_word' id='word_1_206' title='bbox 1124 3617 1429 3688; x_wconf 77' lang='lat' dir='ltr'><strong>Tradebat</strong></span> <span class='ocrx_word' id='word_1_207' title='bbox 1462 3621 1614 3688; x_wconf 79' lang='lat' dir='ltr'><strong>enim</strong></span> <span class='ocrx_word' id='word_1_208' title='bbox 1667 3619 2004 3688; x_wconf 82' lang='lat' dir='ltr'><strong>rhetoricam</strong></span> <span class='ocrx_word' id='word_1_209' title='bbox 2045 3625 2272 3710; x_wconf 81' lang='lat' dir='ltr'><strong>collegii</strong></span> <span class='ocrx_word' id='word_1_210' title='bbox 2310 3625 2549 3690; x_wconf 79' lang='lat' dir='ltr'><strong>alumnis</strong></span> <span class='ocrx_word' id='word_1_211' title='bbox 2579 3671 2594 3688; x_wconf 91' lang='lat'><strong>.</strong></span> <span class='ocrx_word' id='word_1_212' title='bbox 2641 3631 2774 3690; x_wconf 83' lang='lat' dir='ltr'><strong>Hoc</strong></span> 
     </span>
     <span class='ocr_line' id='line_1_30' title="bbox 753 3727 2772 3812; baseline -0.001 -18"><span class='ocrx_word' id='word_1_213' title='bbox 753 3747 955 3794; x_wconf 74' lang='lat' dir='ltr'><strong>munus</strong></span> <span class='ocrx_word' id='word_1_214' title='bbox 988 3728 1240 3812; x_wconf 77' lang='lat' dir='ltr'><strong>suscepit</strong></span> <span class='ocrx_word' id='word_1_215' title='bbox 1278 3727 1478 3788; x_wconf 78' lang='lat' dir='ltr'><strong>Petrus</strong></span> <span class='ocrx_word' id='word_1_216' title='bbox 1524 3729 1724 3787; x_wconf 85' lang='lat' dir='ltr'><strong>Zonca</strong></span> <span class='ocrx_word' id='word_1_217' title='bbox 1751 3771 1771 3802; x_wconf 89' lang='lat'>‚</span> <span class='ocrx_word' id='word_1_218' title='bbox 1813 3730 1904 3789; x_wconf 82' lang='lat' dir='ltr'><strong>vir</strong></span> <span class='ocrx_word' id='word_1_219' title='bbox 1961 3730 2289 3812; x_wconf 84' lang='lat' dir='ltr'><strong>spectabilis</strong></span> <span class='ocrx_word' id='word_1_220' title='bbox 2327 3730 2504 3791; x_wconf 87' lang='lat' dir='ltr'><strong>animi</strong></span> <span class='ocrx_word' id='word_1_221' title='bbox 2543 3728 2772 3792; x_wconf 79' lang='lat' dir='ltr'><strong>dotibus</strong></span> 
     </span>
     <span class='ocr_line' id='line_1_31' title="bbox 752 3819 2778 3922; baseline 0.002 -24"><span class='ocrx_word' id='word_1_222' title='bbox 752 3849 813 3898; x_wconf 81' lang='lat' dir='ltr'><strong>et</strong></span> <span class='ocrx_word' id='word_1_223' title='bbox 848 3833 1063 3918; x_wconf 75' lang='lat' dir='ltr'><strong>ingenii</strong></span> <span class='ocrx_word' id='word_1_224' title='bbox 1084 3833 1265 3910; x_wconf 82' lang='lat' dir='ltr'><strong>‚olim</strong></span> <span class='ocrx_word' id='word_1_225' title='bbox 1304 3819 1608 3896; x_wconf 68' lang='lat' dir='ltr'><strong>seminarii</strong></span> <span class='ocrx_word' id='word_1_226' title='bbox 1645 3831 1902 3916; x_wconf 72' lang='lat' dir='ltr'><strong>patavini</strong></span> <span class='ocrx_word' id='word_1_227' title='bbox 1939 3851 1996 3897; x_wconf 88' lang='lat' dir='ltr'><strong>et</strong></span> <span class='ocrx_word' id='word_1_228' title='bbox 2035 3835 2159 3920; x_wconf 84' lang='lat' dir='ltr'><strong>ipse</strong></span> <span class='ocrx_word' id='word_1_229' title='bbox 2197 3837 2456 3898; x_wconf 82' lang='lat' dir='ltr'><strong>alumnus</strong></span> <span class='ocrx_word' id='word_1_230' title='bbox 2479 3839 2619 3922; x_wconf 80' lang='lat' dir='ltr'><strong>,qui</strong></span> <span class='ocrx_word' id='word_1_231' title='bbox 2669 3837 2778 3903; x_wconf 77' lang='lat' dir='ltr'><strong>ob-</strong></span> 
     </span>
     <span class='ocr_line' id='line_1_32' title="bbox 755 3937 2410 4038; baseline -0.004 -32"><span class='ocrx_word' id='word_1_232' title='bbox 755 3939 828 4008; x_wconf 75' lang='lat' dir='ltr'><strong>iit</strong></span> <span class='ocrx_word' id='word_1_233' title='bbox 859 3941 1017 4008; x_wconf 81' lang='lat' dir='ltr'><strong>Non.</strong></span> <span class='ocrx_word' id='word_1_234' title='bbox 1052 3937 1216 4028; x_wconf 70' lang='lat' dir='ltr'><strong>Sept.</strong></span> <span class='ocrx_word' id='word_1_235' title='bbox 1252 3959 1403 4020; x_wconf 56' lang='lat' dir='ltr'><strong>agno</strong></span> <span class='ocrx_word' id='word_1_236' title='bbox 1445 3941 1632 4034; x_wconf 57' lang='lat'><strong>¹3⁰²?</strong></span> <span class='ocrx_word' id='word_1_237' title='bbox 1673 3941 2178 4038; x_wconf 40' lang='lat' dir='ltr'><strong>incaussate-74.</strong></span> <span class='ocrx_word' id='word_1_238' title='bbox 2248 3997 2272 4004; x_wconf 88' lang='lat'><strong>-</strong></span> <span class='ocrx_word' id='word_1_239' title='bbox 2365 3993 2374 4006; x_wconf 89' lang='lat'><em>,</em></span> <span class='ocrx_word' id='word_1_240' title='bbox 2405 3993 2410 4000; x_wconf 95' lang='lat'>.</span> 
     </span>
    </p>
   </div>
  </div>
 </body>
</html>
