3125 4975
821 378 961 473 540
1559 462 1564 465 ,
1762 392 1933 443 vri-A

823 524 1040 619 gicam
1079 536 1308 612 postea
1361 515 1613 585 ibidem
1656 512 1922 605 publice
1975 510 2323 581 tradidisse
2342 565 2364 595 ,
2420 529 2489 581 et
2526 527 2877 585 astromm

823 642 1206 722 scientiam,
1246 662 1323 705 ac
1377 651 1627 705 ceteras
1674 631 2185 729 mathematicas
2246 629 2679 721 disciplinas.
2730 633 2883 703 Af..

824 755 952 826 fert
971 756 1170 823 etiam
1213 752 1508 846 ejusdem
1533 774 1798 820 carmen
1838 750 2199 839 elegiacum
2234 747 2318 817 ad
2354 750 2689 840 Angelum
2722 752 2879 839 epi-

827 890 1095 955 scopum
1129 862 1514 933 tiburtinum
1543 915 1562 946 ,
1584 862 1873 954 legatum
1913 862 1983 930 id
2024 861 2339 951 temporis
2379 861 2829 951 apostolicum
2852 914 2875 929 .

824 988 966 1055 Hoc
1015 982 1365 1071 scripserat
1415 980 1809 1049 Benedictus
1857 979 1947 1045 in‘
1986 976 2235 1067 nuptiis
2290 978 2633 1047 Lucretiae
2694 980 2879 1047 Bor-

825 1098 972 1189 giac
1011 1125 1160 1169 curn
1202 1099 1386 1165 Duce
1415 1092 1933 1163 Ferrariensium
1956 1142 1971 1159 .
2012 1094 2091 1159 In
2130 1092 2253 1159 liae
2292 1090 2571 1179 epistola
2617 1094 2883 1161 Bruna-

826 1216 957 1285 tius
993 1213 1218 1303 paucis
1261 1210 1470 1277 multa
1507 1206 1953 1293 complectens
1992 1204 2252 1273 lectoris
2300 1205 2595 1274 animum
2636 1208 2877 1274 maxi-

824 1350 936 1399 me
975 1328 1306 1394 intentum
1343 1321 1502 1390 facit
1530 1371 1550 1387 .
1577 1320 1685 1389 Ne
1714 1318 2067 1387 minimum
2110 1317 2379 1408 quidem
2416 1318 2664 1410 patitur
2702 1343 2873 1388 eum

832 1444 1160 1513 divertere
1197 1466 1236 1510 a
1297 1462 1364 1507 re
1405 1438 1737 1528 proposita
1762 1488 1777 1502 .
1818 1434 2141 1505 Eamdem
2182 1436 2277 1503 sic
2316 1433 2433 1504 ille
2468 1435 2819 1525 inscripsit
2848 1466 2869 1506 ε

827 1567 938 1635 De
975 1564 1112 1631 Ben
1121 1558 1341 1629 edicto
1387 1556 1676 1644 Tyr-iaco
1712 1566 2077 1625 mantuano
2112 1549 2400 1643 epistola
2442 1551 2535 1623 ad
2572 1554 2865 1623 Petrum

829 1678 1280 1752 Barbadicwn
1319 1686 1696 1743 senatorem
1734 1680 2068 1755 venetum,
2126 1670 2195 1739 in
2238 1694 2367 1760 qua
2407 1670 2723 1741 nonnulla
2776 1673 2871 1741 de

834 1800 920 1867 iis
963 1794 1409 1885 temporibus,
1449 1791 1689 1881 quibus
1729 1788 1989 1858 fuerunt
2026 1790 2095 1859 in
2136 1789 2445 1891 patavino
2482 1788 2875 1859 seminario

837 1913 1097 1984 educati
1137 1910 1281 1999 (1).
1321 1912 1400 1976 In
1457 1908 1763 1992 omnibus
1820 1908 2116 1977 Brunatii
2157 1908 2423 1999 scriptis
2459 1924 2645 1976 vetus
2698 1908 2879 1978 haec

827 2026 1112 2099 eruditio
1131 2050 1202 2099 se
1235 2023 1587 2115 prodit3in
1624 2048 1701 2093 ea
1742 2024 2132 2115 praesertim
2170 2025 2609 2116 epistola,seu
2634 2025 2879 2113 potius

837 2138 1296 2208 dissertatione
1316 2161 1556 2227 ‚quam
1603 2136 1943 2227 inscripsit
1980 2136 2067 2207 de
2086 2138 2289 2229 facto
2334 2132 2719 2205 Mar-chiae.
2766 2142 2887 2211 Ad

835 2258 1006 2328 hanc
1045 2256 1460 2325 scribendam
1515 2254 1639 2323 fuit
1678 2256 1780 2324 ini
1839 2257 2273 2326 incitamento
2322 2252 2663 2324 Zanettius
2700 2308 2724 2339 ,
2784 2256 2873 2325 de

808 2394 965 2461 -quo
991 2387 1183 2439 antea
1206 2423 1221 2437 .
1259 2374 1322 2438 Is
1356 2370 1530 2438 enim
1570 2370 1922 2461 scripserat
1964 2369 2046 2438 ad
2072 2368 2579 2455 Brunatium‚se
2624 2369 2877 2439 vidisse

833 2480 1060 2574 (quod
1115 2484 1404 2554 maxime
1443 2482 1701 2576 jamdiu
1735 2481 2008 2574 optabat
2047 2484 2077 2572 )
2114 2481 2409 2574 sigillum
2458 2505 2573 2551 seu
2612 2481 2873 2554 bullam

843 2599 1262 2690 plumbeam,
1295 2598 1626 2688 insignem
1668 2596 1934 2665 nomine
1974 2594 2245 2664 Henrici
2284 2589 2619 2680 Danduli,
2656 2596 2877 2668 ducali

841 2718 1158 2790 mandato
1191 2695 1591 2803 appensam,
1612 2739 1888 2806 eamque
1920 2713 2019 2783 illi
2054 2713 2491 2804 descripserat
2526 2716 2879 2784 accuratis·

843 2834 1013 2902 sime
1033 2831 1139 2919 (2)
1159 2879 1173 2897 .
1203 2831 1302 2896 Eo
1335 2851 1522 2915 porro
1561 2829 1910 2913 mandato,
1940 2829 2079 2900 sive
2113 2828 2200 2898 iis
2237 2828 2476 2898 litteris
2513 2828 2879 2898 moneban-

846 2963 962 3020 tur,
987 2942 1184 3032 legati
1225 2944 1478 3028 veneti,
1513 2959 1585 3012 ut
1622 2945 1805 3014 omni
1850 2962 2090 3015 conatu
2146 2962 2415 3036 agerent
2452 2945 2533 3014 de
2590 2945 2881 3014 ineundo

845 3071 914 3125 et
967 3055 1286 3126 firmando
1325 3054 1584 3150 foedere
1636 3057 1811 3127 inter
1850 3083 2155 3150 graecum
2210 3061 2679 3150 imperatorem
2718 3059 2883 3127 Ale-

837 3172 1032 3248 xium
1069 3176 1172 3244 111
1209 3175 1622 3243 Comnenurn
1664 3177 1731 3244 et
1768 3193 2071 3246 venetam
2112 3177 2593 3268 rempublicam
2632 3177 2871 3248 adver-

841 3309 952 3354 sus
1009 3289 1488 3380 imperatorem
1527 3291 1999 3360 Alemanniae.
2054 3293 2185 3360 Res
2224 3291 2389 3360 hacc
2432 3293 2459 3382 (
2496 3308 2567 3359 ut
2606 3307 2883 3360 testatur

849 3399 996 3490 ipse
1031 3402 1426 3496 Brunatius)
1483 3425 1633 3473 eam
1682 3402 1787 3476 illi
1846 3401 2444 3498 menteminjecit,
2500 3420 2573 3472 ut
2612 3399 2883 3475 afferret

1526 3633 1603 3656 m
1611 3631 1937 3658 mmm
1942 3631 2181 3658 mm

927 3799 1028 3877 (r)
1069 3753 1226 3861 vide
1268 3798 1514 3860 Facciol.
1574 3801 1729 3862 Fast.
1788 3801 1998 3884 Gymn.
2056 3813 2245 3884 patav.
2304 3799 2368 3860 P.
2409 3801 2441 3860 1
2477 3821 2611 3884 paga
2686 3799 2875 3884 115„

855 3905 983 3970 118.
1009 3949 1028 3980 ‚
1071 3907 1134 3966 P.
1177 3905 1251 3964 11.
1293 3927 1420 3987 pag.
1463 3908 1600 3968 566.
2796 3937 2807 3945 .

937 4013 1036 4092 (2)
1079 4015 1240 4076 Haec
1281 4013 1524 4098 epistola
1566 4015 1826 4078 Brunatii
1864 4001 2251 4080 dissertationi
2286 3984 2683 4104 praeponitur·v
