3125 4975
977 359 1144 418 vm
1179 363 1484 419 Aua-orm
1528 357 1873 417 zmomm
2162 325 2185 348 ⁴
2268 353 2423 432 ,197

479 483 840 588 Singularis
876 505 1100 594 tamen
1131 489 1288 560 huic
1317 487 1582 560 homini
1620 511 1883 580 semper
1918 488 2044 560 fuit
2078 491 2163 564 ad
2198 493 2415 598 orien-

389 598 628 683 talium
664 611 1034 704 linguarum
1088 607 1382 710 studium
1441 607 1828 710 propensio.
1868 608 1994 678 His
2051 609 2419 698 addicitur,

390 754 544 800 cum
592 743 958 802 versaretur
991 706 1206 798 adhuc
1253 728 1326 798 in
1378 726 1703 798 rhetorico
1736 716 1933 811 ludo,
1970 725 2027 796 si
2075 751 2207 796 non
2246 744 2422 798 tem-

387 845 657 937 poribus
705 843 842 914 illis
875 865 1082 928 novo,
1121 851 1298 912 certe
1343 842 1701 911 admodum
1738 864 1885 910 raro
1918 841 2269 932 exemplo.

480 962 756 1032 Interim
815 978 888 1032 et
941 960 1369 1054 philosophos
1417 955 1677 1044 ‘audiin
1713 973 1782 1028 et
1832 957 2418 1052 jurisprudentiam

389 1083 716 1172 excoluit,
750 1105 874 1153 nec
909 1081 1178 1168 omisit,
1207 1081 1391 1171 quod·
1435 1081 1522 1151 ad
1559 1079 1931 1172 elegantem
1984 1080 2423 1176 eruditionem

390 1201 752 1292 pertineret
775 1249 794 1270 .
826 1203 1052 1286 Unum
1079 1221 1158 1268 ac
1195 1197 1432 1290 viginti
1455 1221 1663 1268 annos
1698 1215 1888 1276 natus
1906 1251 1928 1283 ,
1963 1198 2259 1270 absoluto
2284 1217 2427 1271 stu-

391 1315 654 1406 diorum
693 1337 925 1396 cursu,
949 1311 1113 1406 juris
1151 1311 1487 1401 utriusque
1523 1312 1745 1382 laurea
1784 1313 2096 1400 donatur,
2131 1337 2253 1384 nec
2285 1314 2423 1386 ahi-

396 1453 470 1498 re
507 1452 544 1497 e
584 1427 956 1498 Seminario
987 1425 1430 1518 permittitur.
1469 1425 1609 1496 Ubi
1644 1427 1961 1498 hactenus
1999 1429 2255 1502 auditor
2284 1407 2440 1506 fu'ev‘

392 1556 538 1625 rat,
583 1539 1026 1631 praeceptoris
1065 1555 1368 1610 exercere
1405 1541 1629 1642 coepit
1664 1540 1951 1612 officium
1976 1593 1999 1627 ‚
2046 1560 2115 1611 et
2148 1565 2229 1614 ea
2282 1543 2423 1634 pri·-

395 1681 578 1728 nmm
601 1657 916 1742 tradere,
950 1679 1122 1747 quae
1154 1681 1241 1728 ex
1276 1658 1744 1729 consuetudine
1781 1658 1911 1728 loci
1949 1658 2143 1753 hujus
2180 1685 2221 1730 a
2276 1683 2423 1730 ma.

377 1771 622 1864 gistris
659 1770 1025 1864 junioribus
1065 1770 1238 1842 tradi
1275 1771 1528 1856 solent

481 1885 717 1958 Cum
699 1910 836 1979 lam
873 1908 1046 1956 anno
1089 1906 1268 1980 1720
1302 1885 1669 1960 Taurinum
1707 1904 1975 1962 vocatur
2006 1913 2047 1962 a
2084 1893 2277 1964 sardo
2324 1915 2422 1964 re-

385 2027 468 2100 ge
505 2002 976 2096 perhonorifice
1011 2003 1342 2096 Josephus
1375 2005 1657 2078 Pasinus
1690 2008 2111 2082 orientalium
2158 2011 2417 2102 lingua-

389 2149 536 2196 rum
572 2124 646 2194 in
683 2123 1056 2202 seminario
1090 2123 1420 2216 professor
1442 2173 1462 2196 .
1499 2128 1608 2198 Ad
1645 2151 1759 2200 eas
1796 2129 2147 2200 tradendas
2183 2131 2415 2208 statim

383 2237 656 2328 eligitur
693 2237 1046 2307 Zanolinus
1078 2287 1102 2322 ,
1154 2263 1434 2329 quarum
1487 2255 1781 2313 amorem
1800 2293 1825 2328 ,
1879 2259 1955 2312 ut
1990 2262 2185 2315 antea
2235 2244 2416 2316 dixi·-

361 2369 374 2394 ”
395 2383 546 2428 mus
564 2409 586 2442 ‚
625 2379 666 2424 a
701 2356 936 2446 primis
975 2355 1166 2424 annis
1201 2356 1597 2428 imbiberat.
1639 2362 1783 2432 Vix
1834 2360 2195 2448 credibile,
2248 2385 2421 2452 quau

392 2490 464 2543 et
499 2483 745 2565 quanta
780 2465 979 2539 fuerit
1014 2466 1198 2537 illius
1231 2467 1599 2553 contentio.
1638 2471 1719 2539 In
1765 2469 2143 2563 hujusmodi
2194 2476 2413 2577 studio

383 2582 694 2675 ¹assiduus
747 2598 888 2653 erat
931 2598 1002 2653 et
1049 2580 1456 2667 indefessus,
1501 2582 1685 2652 nulla
1737 2582 2123 2674 plerumque
2160 2586 2417 2657 ratione

390 2697 623 2769 habita
677 2698 782 2795 vel
829 2695 1188 2791 importuni
1247 2694 1605 2789 temporis,
1656 2696 1763 2767 vel
1814 2694 2263 2765 incommodi.
2308 2697 2422 2776 Ad

383 2812 686 2911 pluteum
723 2810 954 2883 sedere
979 2809 1242 2881 'solebat
1279 2808 1496 2899 plures
1535 2810 1729 2881 horas
1764 2808 2121 2901 aliquando
2158 2810 2265 2879 vel
2310 2832 2418 2879 re·-

381 2948 544 3017 ,cens
581 2950 622 2997 a
667 2924 943 3017 prandio
981 2922 1208 3015 (quod
1239 2923 1432 2993 valde
1469 2924 1741 2995 noxium
1774 2924 1842 3013 )‚
1878 2921 2009 2993 nisi
2046 2945 2199 2993 eum
2228 2920 2429 2991 illine·

387 3044 654 3135 scholae
705 3068 942 3115 munus
961 3096 986 3129 ,
1041 3042 1148 3113 vel
1205 3036 1336 3113 alia
1399 3068 1504 3115 res
1558 3056 1896 3116 avocasset
1916 3094 1931 3111 .
1993 3039 2417 3137 Admittebat

387 3186 651 3253 prorsus
703 3164 1046 3233 neminem
1100 3162 1372 3233 zotheca
1421 3162 1713 3257 inclusus
1734 3215 1755 3248 ,
1815 3177 1890 3231 ut
1958 3185 2031 3231 se
2084 3160 2423 3239 oblectare

392 3304 512 3371 pro
549 3280 758 3350 lubito
803 3282 949 3351 sine
985 3280 1589 3371 interpellatoribus
1628 3297 1893 3370 posset.
1932 3281 2173 3370 Totam
2208 3278 2421 3353 etiam

393 3391 784 3483 quandoque
839 3408 1099 3465 noctem
1119 3438 1140 3477 ,
1189 3394 1350 3483 quin
1387 3392 1978 3478 animadverteret,
2014 3393 2121 3463 vel
2168 3392 2415 3471 hiemis

385 3529 688 3603 tempore
715 3510 1070 3603 insumpsit
1105 3511 1176 3581 in
1211 3511 1380 3583 haec
1403 3510 1627 3590 ,studia
1646 3564 1667 3595 ‚
1686 3508 1942 3604 frigoris
1959 3512 2220 3598 „somni
2228 3565 2256 3601 ,
2274 3512 2414 3587 cibi

391 3644 713 3719 potusque
749 3624 992 3695 oblitus
1013 3677 1030 3694 .
1080 3622 1256 3694 Hinc
1311 3640 1408 3694 tot
1452 3624 1891 3716 pulcherrima
1944 3643 2365 3699 monumenta
2386 3676 2414 3711 ,

388 3745 627 3837 quihus
659 3744 1006 3836 optimeet
1031 3738 1362 3816 studiosae
1385 3736 1771 3837 praesertim
1800 3738 2121 3837 juventuti
2150 3744 2409 3813 eonsul-

393 3877 576 3945 tum‚
610 3876 682 3930 et
733 3858 1040 3950 dignitati
1087 3858 1496 3955 linguarum.
1534 3862 1615 3954 In
1662 3857 1770 3929 his
1806 3874 1875 3929 et
1911 3858 2295 3950 multiplex,
2340 3873 2414 3929 ct

387 3976 715 4071 exquisita
769 3971 1050 4047 eruditio
1072 4028 1088 4045 .
1137 3968 1288 4068 Quo
1341 3999 1512 4048 anno
1563 3972 1820 4073 singula
1856 3969 2259 4079 prodierint,
2304 3970 2411 4065 ¹di-
