<?xml version="1.0" encoding="UTF-8"?>
<!DOCTYPE html PUBLIC "-//W3C//DTD XHTML 1.0 Transitional//EN"
    "http://www.w3.org/TR/xhtml1/DTD/xhtml1-transitional.dtd">
<html xmlns="http://www.w3.org/1999/xhtml" xml:lang="en" lang="en">
 <head>
  <title>
</title>
<meta http-equiv="Content-Type" content="text/html;charset=utf-8" />
  <meta name='ocr-system' content='tesseract 3.04.00' />
  <meta name='ocr-capabilities' content='ocr_page ocr_carea ocr_par ocr_line ocrx_word'/>
</head>
<body>
  <div class='ocr_page' id='page_1' title='image "./vitaevirorumill01melagoog_0467.png"; bbox 0 0 3125 4975; ppageno 0'>
   <div class='ocr_carea' id='block_1_1' title="bbox 835 300 3004 4035">
    <p class='ocr_par' dir='ltr' id='par_1_1' title="bbox 835 300 3004 3205">
     <span class='ocr_line' id='line_1_1' title="bbox 835 300 1901 396; baseline 0 -28"><span class='ocrx_word' id='word_1_1' title='bbox 835 300 976 396; x_wconf 60' lang='lat'>429</span> <span class='ocrx_word' id='word_1_2' title='bbox 1708 315 1901 390; x_wconf 58' lang='lat' dir='ltr'>„vnn</span> 
     </span>
     <span class='ocr_line' id='line_1_2' title="bbox 933 431 2919 527; baseline -0.004 -20"><span class='ocrx_word' id='word_1_3' title='bbox 933 441 986 507; x_wconf 75' lang='lat' dir='ltr'>A</span> <span class='ocrx_word' id='word_1_4' title='bbox 1001 459 1130 504; x_wconf 87' lang='lat' dir='ltr'>nno</span> <span class='ocrx_word' id='word_1_5' title='bbox 1171 449 1322 504; x_wconf 81' lang='lat' dir='ltr'>ante</span> <span class='ocrx_word' id='word_1_6' title='bbox 1361 433 1607 522; x_wconf 79' lang='lat' dir='ltr'>publici</span> <span class='ocrx_word' id='word_1_7' title='bbox 1648 433 1809 527; x_wconf 84' lang='lat' dir='ltr'>juris</span> <span class='ocrx_word' id='word_1_8' title='bbox 1862 431 2105 503; x_wconf 82' lang='lat' dir='ltr'>fecerat</span> <span class='ocrx_word' id='word_1_9' title='bbox 2160 431 2363 504; x_wconf 81' lang='lat' dir='ltr'>alium</span> <span class='ocrx_word' id='word_1_10' title='bbox 2402 431 2663 506; x_wconf 79' lang='lat' dir='ltr'>librum</span> <span class='ocrx_word' id='word_1_11' title='bbox 2694 491 2727 522; x_wconf 89' lang='lat'><em>,</em></span> <span class='ocrx_word' id='word_1_12' title='bbox 2798 463 2919 510; x_wconf 76' lang='lat' dir='ltr'>eu,</span> 
     </span>
     <span class='ocr_line' id='line_1_3' title="bbox 841 549 2913 648; baseline 0 -27"><span class='ocrx_word' id='word_1_13' title='bbox 841 555 946 648; x_wconf 78' lang='lat' dir='ltr'>jus</span> <span class='ocrx_word' id='word_1_14' title='bbox 999 550 1108 618; x_wconf 81' lang='lat' dir='ltr'>hic</span> <span class='ocrx_word' id='word_1_15' title='bbox 1165 564 1264 617; x_wconf 85' lang='lat' dir='ltr'>est</span> <span class='ocrx_word' id='word_1_16' title='bbox 1319 549 1589 616; x_wconf 81' lang='lat' dir='ltr'>titulus:</span> <span class='ocrx_word' id='word_1_17' title='bbox 1660 577 1697 618; x_wconf 72' lang='lat' dir='ltr'><strong><em>v</em></strong></span> <span class='ocrx_word' id='word_1_18' title='bbox 1747 549 2057 627; x_wconf 71' lang='lat' dir='ltr'>Dottrina</span> <span class='ocrx_word' id='word_1_19' title='bbox 2112 549 2221 617; x_wconf 85' lang='lat' dir='ltr'>dei</span> <span class='ocrx_word' id='word_1_20' title='bbox 2282 549 2478 617; x_wconf 84' lang='lat' dir='ltr'>Padri</span> <span class='ocrx_word' id='word_1_21' title='bbox 2532 553 2725 641; x_wconf 83' lang='lat' dir='ltr'>greci</span> <span class='ocrx_word' id='word_1_22' title='bbox 2808 578 2913 632; x_wconf 43' lang='lat' dir='ltr'>re?</span> 
     </span>
     <span class='ocr_line' id='line_1_4' title="bbox 852 667 2911 752; baseline 0.001 -16"><span class='ocrx_word' id='word_1_23' title='bbox 852 705 890 752; x_wconf 64' lang='grc' dir='ltr'><em>ῃ</em></span> <span class='ocrx_word' id='word_1_24' title='bbox 939 671 1140 740; x_wconf 82' lang='lat' dir='ltr'>lativa</span> <span class='ocrx_word' id='word_1_25' title='bbox 1225 670 1352 738; x_wconf 83' lang='lat' dir='ltr'>alle</span> <span class='ocrx_word' id='word_1_26' title='bbox 1441 669 1839 737; x_wconf 82' lang='lat' dir='ltr'>circostanze</span> <span class='ocrx_word' id='word_1_27' title='bbox 1911 669 2085 742; x_wconf 77' lang='lat' dir='ltr'>della</span> <span class='ocrx_word' id='word_1_28' title='bbox 2158 667 2401 738; x_wconf 82' lang='lat' dir='ltr'>Chicsa</span> <span class='ocrx_word' id='word_1_29' title='bbox 2476 671 2597 737; x_wconf 89' lang='lat' dir='ltr'>ncl</span> <span class='ocrx_word' id='word_1_30' title='bbox 2674 673 2911 740; x_wconf 87' lang='lat' dir='ltr'>secolo</span> 
     </span>
     <span class='ocr_line' id='line_1_5' title="bbox 850 782 2905 876; baseline 0.002 -26"><span class='ocrx_word' id='word_1_31' title='bbox 850 818 888 850; x_wconf 73' lang='grc' dir='ltr'><strong><em>υ</em></strong></span> <span class='ocrx_word' id='word_1_32' title='bbox 935 785 1226 853; x_wconf 66' lang='lat' dir='ltr'>XVIII„</span> <span class='ocrx_word' id='word_1_33' title='bbox 1259 835 1274 848; x_wconf 94' lang='lat'>.</span> <span class='ocrx_word' id='word_1_34' title='bbox 1315 782 1521 872; x_wconf 77' lang='lat' dir='ltr'>quue</span> <span class='ocrx_word' id='word_1_35' title='bbox 1563 783 1891 872; x_wconf 85' lang='lat' dir='ltr'>praestitit</span> <span class='ocrx_word' id='word_1_36' title='bbox 1936 805 2014 850; x_wconf 89' lang='lat' dir='ltr'>eo</span> <span class='ocrx_word' id='word_1_37' title='bbox 2054 785 2179 852; x_wconf 74' lang='lat' dir='ltr'>fine</span> <span class='ocrx_word' id='word_1_38' title='bbox 2204 836 2227 868; x_wconf 90' lang='lat'><strong><em>,</em></strong></span> <span class='ocrx_word' id='word_1_39' title='bbox 2262 799 2333 850; x_wconf 89' lang='lat' dir='ltr'>ut</span> <span class='ocrx_word' id='word_1_40' title='bbox 2370 783 2589 876; x_wconf 81' lang='lat' dir='ltr'>majus</span> <span class='ocrx_word' id='word_1_41' title='bbox 2632 787 2905 874; x_wconf 83' lang='lat' dir='ltr'>pondus</span> 
     </span>
     <span class='ocr_line' id='line_1_6' title="bbox 853 901 2911 994; baseline 0.001 -24"><span class='ocrx_word' id='word_1_42' title='bbox 853 902 1202 988; x_wconf 74' lang='lat' dir='ltr'>baberent,</span> <span class='ocrx_word' id='word_1_43' title='bbox 1229 925 1396 991; x_wconf 82' lang='lat' dir='ltr'>quae</span> <span class='ocrx_word' id='word_1_44' title='bbox 1435 901 1782 970; x_wconf 79' lang='lat' dir='ltr'><strong>scriberet.</strong></span> <span class='ocrx_word' id='word_1_45' title='bbox 1814 903 2115 992; x_wconf 73' lang='lat' dir='ltr'>Pieriquc</span> <span class='ocrx_word' id='word_1_46' title='bbox 2154 903 2331 973; x_wconf 85' lang='lat' dir='ltr'>enim</span> <span class='ocrx_word' id='word_1_47' title='bbox 2374 927 2503 982; x_wconf 80' lang='lat' dir='ltr'>non</span> <span class='ocrx_word' id='word_1_48' title='bbox 2549 921 2697 974; x_wconf 82' lang='lat' dir='ltr'>tam</span> <span class='ocrx_word' id='word_1_49' title='bbox 2740 905 2911 994; x_wconf 85' lang='lat' dir='ltr'>quid</span> 
     </span>
     <span class='ocr_line' id='line_1_7' title="bbox 859 1021 3004 1111; baseline 0 -21"><span class='ocrx_word' id='word_1_50' title='bbox 859 1021 1156 1101; x_wconf 77' lang='lat' dir='ltr'>dicatur,</span> <span class='ocrx_word' id='word_1_51' title='bbox 1197 1046 1392 1111; x_wconf 87' lang='lat' dir='ltr'>quam</span> <span class='ocrx_word' id='word_1_52' title='bbox 1443 1047 1480 1090; x_wconf 87' lang='lat' dir='ltr'>a</span> <span class='ocrx_word' id='word_1_53' title='bbox 1521 1045 1649 1111; x_wconf 85' lang='lat' dir='ltr'>quo</span> <span class='ocrx_word' id='word_1_54' title='bbox 1706 1021 1987 1106; x_wconf 85' lang='lat' dir='ltr'>dicatur,</span> <span class='ocrx_word' id='word_1_55' title='bbox 2036 1022 2419 1090; x_wconf 78' lang='lat' dir='ltr'>attendunt.</span> <span class='ocrx_word' id='word_1_56' title='bbox 2460 1023 2557 1090; x_wconf 82' lang='lat' dir='ltr'>Ea</span> <span class='ocrx_word' id='word_1_57' title='bbox 2616 1047 2789 1096; x_wconf 78' lang='lat' dir='ltr'>vern</span> <span class='ocrx_word' id='word_1_58' title='bbox 2828 1024 2915 1092; x_wconf 86' lang='lat' dir='ltr'>le-</span> <span class='ocrx_word' id='word_1_59' title='bbox 3002 1071 3004 1076; x_wconf 88' lang='lat'><em>-</em></span> 
     </span>
     <span class='ocr_line' id='line_1_8' title="bbox 857 1135 2909 1228; baseline 0.001 -24"><span class='ocrx_word' id='word_1_60' title='bbox 857 1137 958 1226; x_wconf 80' lang='lat' dir='ltr'>git</span> <span class='ocrx_word' id='word_1_61' title='bbox 997 1159 1079 1204; x_wconf 81' lang='lat' dir='ltr'>ex</span> <span class='ocrx_word' id='word_1_62' title='bbox 1105 1135 1436 1224; x_wconf 74' lang='lat' dir='ltr'>patribu8‚</span> <span class='ocrx_word' id='word_1_63' title='bbox 1470 1151 1540 1202; x_wconf 89' lang='lat' dir='ltr'>et</span> <span class='ocrx_word' id='word_1_64' title='bbox 1578 1136 1647 1202; x_wconf 90' lang='lat' dir='ltr'>in</span> <span class='ocrx_word' id='word_1_65' title='bbox 1684 1135 1913 1205; x_wconf 81' lang='lat' dir='ltr'>italam</span> <span class='ocrx_word' id='word_1_66' title='bbox 1953 1136 2245 1226; x_wconf 83' lang='lat' dir='ltr'>linguam</span> <span class='ocrx_word' id='word_1_67' title='bbox 2286 1137 2516 1221; x_wconf 75' lang='lat' dir='ltr'>vertit,</span> <span class='ocrx_word' id='word_1_68' title='bbox 2544 1163 2727 1228; x_wconf 82' lang='lat' dir='ltr'>quae</span> <span class='ocrx_word' id='word_1_69' title='bbox 2764 1163 2909 1228; x_wconf 86' lang='lat' dir='ltr'>pro·</span> 
     </span>
     <span class='ocr_line' id='line_1_9' title="bbox 860 1247 2918 1340; baseline 0.001 -23"><span class='ocrx_word' id='word_1_70' title='bbox 860 1250 1012 1340; x_wconf 87' lang='lat' dir='ltr'>pius</span> <span class='ocrx_word' id='word_1_71' title='bbox 1053 1247 1448 1336; x_wconf 77' lang='lat' dir='ltr'>attingerent</span> <span class='ocrx_word' id='word_1_72' title='bbox 1487 1249 1805 1320; x_wconf 82' lang='lat' dir='ltr'>excitatas</span> <span class='ocrx_word' id='word_1_73' title='bbox 1840 1249 2013 1318; x_wconf 87' lang='lat' dir='ltr'>inter</span> <span class='ocrx_word' id='word_1_74' title='bbox 2050 1249 2532 1322; x_wconf 80' lang='lat' dir='ltr'>ecclesiasticos</span> <span class='ocrx_word' id='word_1_75' title='bbox 2580 1253 2768 1319; x_wconf 76' lang='lat' dir='ltr'>viros</span> <span class='ocrx_word' id='word_1_76' title='bbox 2800 1276 2918 1320; x_wconf 84' lang='lat' dir='ltr'>no-</span> 
     </span>
     <span class='ocr_line' id='line_1_10' title="bbox 866 1367 2911 1456; baseline 0 -18"><span class='ocrx_word' id='word_1_77' title='bbox 866 1386 1146 1438; x_wconf 80' lang='lat' dir='ltr'>strorum</span> <span class='ocrx_word' id='word_1_78' title='bbox 1187 1384 1556 1456; x_wconf 85' lang='lat' dir='ltr'>temporum</span> <span class='ocrx_word' id='word_1_79' title='bbox 1586 1367 2087 1448; x_wconf 79' lang='lat' dir='ltr'>controversias.</span> <span class='ocrx_word' id='word_1_80' title='bbox 2112 1371 2190 1437; x_wconf 89' lang='lat' dir='ltr'>In</span> <span class='ocrx_word' id='word_1_81' title='bbox 2218 1367 2339 1444; x_wconf 81' lang='lat' dir='ltr'>hac</span> <span class='ocrx_word' id='word_1_82' title='bbox 2368 1391 2558 1456; x_wconf 89' lang='lat' dir='ltr'>porro</span> <span class='ocrx_word' id='word_1_83' title='bbox 2601 1371 2911 1438; x_wconf 73' lang='lat' dir='ltr'>versione</span> 
     </span>
     <span class='ocr_line' id='line_1_11' title="bbox 869 1479 2911 1575; baseline -0.001 -22"><span class='ocrx_word' id='word_1_84' title='bbox 869 1485 1163 1574; x_wconf 84' lang='lat' dir='ltr'>puriores</span> <span class='ocrx_word' id='word_1_85' title='bbox 1205 1507 1464 1575; x_wconf 81' lang='lat' dir='ltr'>graecos</span> <span class='ocrx_word' id='word_1_86' title='bbox 1517 1482 1815 1568; x_wconf 89' lang='lat' dir='ltr'>codices,</span> <span class='ocrx_word' id='word_1_87' title='bbox 1866 1499 1935 1564; x_wconf 79' lang='lat' dir='ltr'>ut</span> <span class='ocrx_word' id='word_1_88' title='bbox 1974 1479 2210 1558; x_wconf 80' lang='lat' dir='ltr'>fatetur</span> <span class='ocrx_word' id='word_1_89' title='bbox 2239 1535 2259 1566; x_wconf 88' lang='lat'>,</span> <span class='ocrx_word' id='word_1_90' title='bbox 2298 1497 2366 1549; x_wconf 86' lang='lat' dir='ltr'>et</span> <span class='ocrx_word' id='word_1_91' title='bbox 2410 1481 2911 1554; x_wconf 77' lang='lat' dir='ltr'>emendatiores</span> 
     </span>
     <span class='ocr_line' id='line_1_12' title="bbox 870 1598 2915 1690; baseline 0.001 -22"><span class='ocrx_word' id='word_1_92' title='bbox 870 1604 1235 1687; x_wconf 68' lang='lat' dir='ltr'>consuluit,</span> <span class='ocrx_word' id='word_1_93' title='bbox 1283 1620 1352 1678; x_wconf 85' lang='lat' dir='ltr'>et</span> <span class='ocrx_word' id='word_1_94' title='bbox 1405 1603 1488 1672; x_wconf 84' lang='lat' dir='ltr'>ad</span> <span class='ocrx_word' id='word_1_95' title='bbox 1529 1603 1792 1672; x_wconf 85' lang='lat' dir='ltr'>eosdem</span> <span class='ocrx_word' id='word_1_96' title='bbox 1844 1601 2091 1668; x_wconf 82' lang='lat' dir='ltr'>studuit</span> <span class='ocrx_word' id='word_1_97' title='bbox 2128 1625 2325 1690; x_wconf 80' lang='lat' dir='ltr'>quam</span> <span class='ocrx_word' id='word_1_98' title='bbox 2386 1598 2701 1689; x_wconf 81' lang='lat' dir='ltr'>proxime</span> <span class='ocrx_word' id='word_1_99' title='bbox 2762 1600 2915 1670; x_wconf 80' lang='lat' dir='ltr'>stilo</span> 
     </span>
     <span class='ocr_line' id='line_1_13' title="bbox 877 1720 2909 1808; baseline -0.002 -18"><span class='ocrx_word' id='word_1_100' title='bbox 877 1724 1188 1792; x_wconf 76' lang='lat' dir='ltr'>accedere</span> <span class='ocrx_word' id='word_1_101' title='bbox 1225 1752 1245 1808; x_wconf 80' lang='lat'>3</span> <span class='ocrx_word' id='word_1_102' title='bbox 1285 1747 1404 1804; x_wconf 86' lang='lat' dir='ltr'>ne,</span> <span class='ocrx_word' id='word_1_103' title='bbox 1444 1721 1498 1790; x_wconf 85' lang='lat' dir='ltr'>si</span> <span class='ocrx_word' id='word_1_104' title='bbox 1539 1745 1725 1789; x_wconf 83' lang='lat' dir='ltr'>secus</span> <span class='ocrx_word' id='word_1_105' title='bbox 1768 1720 2043 1806; x_wconf 76' lang='lat' dir='ltr'>faceret,</span> <span class='ocrx_word' id='word_1_106' title='bbox 2093 1739 2205 1790; x_wconf 86' lang='lat' dir='ltr'>aut</span> <span class='ocrx_word' id='word_1_107' title='bbox 2244 1721 2549 1788; x_wconf 84' lang='lat' dir='ltr'>intimam</span> <span class='ocrx_word' id='word_1_108' title='bbox 2618 1721 2909 1788; x_wconf 78' lang='lat' dir='ltr'>auctoris</span> 
     </span>
     <span class='ocr_line' id='line_1_14' title="bbox 880 1833 2909 1926; baseline -0.001 -24"><span class='ocrx_word' id='word_1_109' title='bbox 880 1837 1018 1902; x_wconf 70' lang='lat' dir='ltr'>rim</span> <span class='ocrx_word' id='word_1_110' title='bbox 1061 1852 1437 1919; x_wconf 72' lang='lat' dir='ltr'>enervaret,</span> <span class='ocrx_word' id='word_1_111' title='bbox 1477 1836 1653 1926; x_wconf 84' lang='lat' dir='ltr'>quod</span> <span class='ocrx_word' id='word_1_112' title='bbox 1717 1859 1915 1924; x_wconf 82' lang='lat' dir='ltr'>saepe</span> <span class='ocrx_word' id='word_1_113' title='bbox 1971 1835 2087 1920; x_wconf 84' lang='lat' dir='ltr'>fit,</span> <span class='ocrx_word' id='word_1_114' title='bbox 2124 1851 2237 1903; x_wconf 77' lang='lat' dir='ltr'>aut</span> <span class='ocrx_word' id='word_1_115' title='bbox 2278 1833 2580 1902; x_wconf 80' lang='lat' dir='ltr'>tenebras</span> <span class='ocrx_word' id='word_1_116' title='bbox 2642 1835 2783 1922; x_wconf 82' lang='lat' dir='ltr'>ipsi</span> <span class='ocrx_word' id='word_1_117' title='bbox 2820 1833 2909 1902; x_wconf 87' lang='lat' dir='ltr'>of-</span> 
     </span>
     <span class='ocr_line' id='line_1_15' title="bbox 883 1951 2913 2028; baseline -0.001 -6"><span class='ocrx_word' id='word_1_118' title='bbox 883 1951 1226 2022; x_wconf 84' lang='lat' dir='ltr'>funderet.</span> <span class='ocrx_word' id='word_1_119' title='bbox 1283 1956 1470 2024; x_wconf 84' lang='lat' dir='ltr'>Hanc</span> <span class='ocrx_word' id='word_1_120' title='bbox 1526 1970 1746 2028; x_wconf 85' lang='lat' dir='ltr'>autem</span> <span class='ocrx_word' id='word_1_121' title='bbox 1802 1955 1871 2022; x_wconf 90' lang='lat' dir='ltr'>in</span> <span class='ocrx_word' id='word_1_122' title='bbox 1922 1955 2027 2024; x_wconf 87' lang='lat' dir='ltr'>his</span> <span class='ocrx_word' id='word_1_123' title='bbox 2084 1955 2410 2022; x_wconf 81' lang='lat' dir='ltr'>vertendis</span> <span class='ocrx_word' id='word_1_124' title='bbox 2451 1953 2792 2022; x_wconf 84' lang='lat' dir='ltr'>rationem</span> <span class='ocrx_word' id='word_1_125' title='bbox 2842 1978 2913 2020; x_wconf 83' lang='lat' dir='ltr'>ac</span> 
     </span>
     <span class='ocr_line' id='line_1_16' title="bbox 884 2070 2909 2163; baseline 0.001 -26"><span class='ocrx_word' id='word_1_126' title='bbox 884 2072 1153 2150; x_wconf 85' lang='lat' dir='ltr'>modurn</span> <span class='ocrx_word' id='word_1_127' title='bbox 1199 2070 1443 2143; x_wconf 85' lang='lat' dir='ltr'>tenuit.</span> <span class='ocrx_word' id='word_1_128' title='bbox 1499 2072 1689 2158; x_wconf 80' lang='lat' dir='ltr'>Quae</span> <span class='ocrx_word' id='word_1_129' title='bbox 1738 2071 1842 2140; x_wconf 88' lang='lat' dir='ltr'>vel</span> <span class='ocrx_word' id='word_1_130' title='bbox 1898 2073 2135 2162; x_wconf 83' lang='lat' dir='ltr'>dogma</span> <span class='ocrx_word' id='word_1_131' title='bbox 2174 2073 2513 2142; x_wconf 82' lang='lat' dir='ltr'>continent</span> <span class='ocrx_word' id='word_1_132' title='bbox 2553 2073 2665 2141; x_wconf 81' lang='lat' dir='ltr'>vel</span> <span class='ocrx_word' id='word_1_133' title='bbox 2724 2097 2909 2163; x_wconf 40' lang='grc' dir='ltr'><strong>ρης..</strong></span> 
     </span>
     <span class='ocr_line' id='line_1_17' title="bbox 883 2189 2911 2280; baseline 0.002 -26"><span class='ocrx_word' id='word_1_134' title='bbox 883 2202 1196 2276; x_wconf 86' lang='lat' dir='ltr'>ceptum,</span> <span class='ocrx_word' id='word_1_135' title='bbox 1252 2211 1331 2265; x_wconf 81' lang='lat' dir='ltr'>ea</span> <span class='ocrx_word' id='word_1_136' title='bbox 1393 2189 2307 2280; x_wconf 76' lang='lat' dir='ltr'>explicuit·religiosissime3</span> <span class='ocrx_word' id='word_1_137' title='bbox 2370 2190 2439 2259; x_wconf 89' lang='lat' dir='ltr'>in</span> <span class='ocrx_word' id='word_1_138' title='bbox 2488 2189 2687 2276; x_wconf 79' lang='lat' dir='ltr'>aliis,</span> <span class='ocrx_word' id='word_1_139' title='bbox 2750 2215 2911 2280; x_wconf 77' lang='lat' dir='ltr'>qnae</span> 
     </span>
     <span class='ocr_line' id='line_1_18' title="bbox 887 2301 2917 2398; baseline 0 -27"><span class='ocrx_word' id='word_1_140' title='bbox 887 2327 1016 2371; x_wconf 89' lang='lat' dir='ltr'>non</span> <span class='ocrx_word' id='word_1_141' title='bbox 1057 2301 1351 2398; x_wconf 85' lang='lat' dir='ltr'>ejusdem</span> <span class='ocrx_word' id='word_1_142' title='bbox 1395 2302 1715 2372; x_wconf 82' lang='lat' dir='ltr'>momenti</span> <span class='ocrx_word' id='word_1_143' title='bbox 1763 2321 1916 2372; x_wconf 87' lang='lat' dir='ltr'>sunt</span> <span class='ocrx_word' id='word_1_144' title='bbox 1962 2329 2037 2372; x_wconf 83' lang='lat' dir='ltr'>ac</span> <span class='ocrx_word' id='word_1_145' title='bbox 2083 2305 2430 2394; x_wconf 77' lang='lat' dir='ltr'>ponderis,</span> <span class='ocrx_word' id='word_1_146' title='bbox 2470 2305 2637 2372; x_wconf 84' lang='lat' dir='ltr'>satis</span> <span class='ocrx_word' id='word_1_147' title='bbox 2692 2304 2917 2372; x_wconf 81' lang='lat' dir='ltr'>habuit</span> 
     </span>
     <span class='ocr_line' id='line_1_19' title="bbox 890 2417 2917 2511; baseline -0.002 -19"><span class='ocrx_word' id='word_1_148' title='bbox 890 2443 1148 2492; x_wconf 78' lang='lat' dir='ltr'>servate</span> <span class='ocrx_word' id='word_1_149' title='bbox 1219 2418 1665 2511; x_wconf 78' lang='lat' dir='ltr'>integritatem</span> <span class='ocrx_word' id='word_1_150' title='bbox 1730 2418 2098 2488; x_wconf 82' lang='lat' dir='ltr'>sententiae</span> <span class='ocrx_word' id='word_1_151' title='bbox 2139 2470 2155 2485; x_wconf 92' lang='lat'>.</span> <span class='ocrx_word' id='word_1_152' title='bbox 2225 2417 2505 2489; x_wconf 76' lang='lat' dir='ltr'>Addidit</span> <span class='ocrx_word' id='word_1_153' title='bbox 2576 2434 2917 2509; x_wconf 79' lang='lat' dir='ltr'>praeterea</span> 
     </span>
     <span class='ocr_line' id='line_1_20' title="bbox 890 2526 2919 2624; baseline 0 -24"><span class='ocrx_word' id='word_1_154' title='bbox 890 2532 1201 2622; x_wconf 74' lang='lat' dir='ltr'>anabysin</span> <span class='ocrx_word' id='word_1_155' title='bbox 1227 2587 1246 2619; x_wconf 89' lang='lat'>,</span> <span class='ocrx_word' id='word_1_156' title='bbox 1277 2532 1877 2624; x_wconf 56' lang='lat' dir='ltr'>animadversiones</span> <span class='ocrx_word' id='word_1_157' title='bbox 1903 2586 1923 2616; x_wconf 87' lang='lat'>‚</span> <span class='ocrx_word' id='word_1_158' title='bbox 1965 2526 2422 2603; x_wconf 80' lang='lat' dir='ltr'>annotationes</span> <span class='ocrx_word' id='word_1_159' title='bbox 2442 2585 2464 2617; x_wconf 89' lang='lat'>‚</span> <span class='ocrx_word' id='word_1_160' title='bbox 2505 2532 2919 2601; x_wconf 59' lang='lat' dir='ltr'>dissertatioe</span> 
     </span>
     <span class='ocr_line' id='line_1_21' title="bbox 897 2647 2919 2738; baseline -0.002 -18"><span class='ocrx_word' id='word_1_161' title='bbox 897 2673 1054 2719; x_wconf 86' lang='lat' dir='ltr'>nes.</span> <span class='ocrx_word' id='word_1_162' title='bbox 1094 2652 1170 2719; x_wconf 91' lang='lat' dir='ltr'>In</span> <span class='ocrx_word' id='word_1_163' title='bbox 1233 2650 1338 2719; x_wconf 89' lang='lat' dir='ltr'>his</span> <span class='ocrx_word' id='word_1_164' title='bbox 1391 2649 1473 2716; x_wconf 91' lang='lat' dir='ltr'>de</span> <span class='ocrx_word' id='word_1_165' title='bbox 1529 2648 1721 2724; x_wconf 82' lang='lat' dir='ltr'>rebus</span> <span class='ocrx_word' id='word_1_166' title='bbox 1760 2648 2167 2737; x_wconf 74' lang='lat' dir='ltr'>gravissimis</span> <span class='ocrx_word' id='word_1_167' title='bbox 2207 2648 2343 2738; x_wconf 80' lang='lat' dir='ltr'>agit</span> <span class='ocrx_word' id='word_1_168' title='bbox 2380 2664 2446 2725; x_wconf 83' lang='lat' dir='ltr'>et</span> <span class='ocrx_word' id='word_1_169' title='bbox 2500 2647 2919 2733; x_wconf 82' lang='lat' dir='ltr'>utilissimis,</span> 
     </span>
     <span class='ocr_line' id='line_1_22' title="bbox 899 2759 2919 2853; baseline 0 -22"><span class='ocrx_word' id='word_1_170' title='bbox 899 2764 1136 2853; x_wconf 81' lang='lat' dir='ltr'>quibus</span> <span class='ocrx_word' id='word_1_171' title='bbox 1175 2762 1404 2851; x_wconf 82' lang='lat' dir='ltr'>religio</span> <span class='ocrx_word' id='word_1_172' title='bbox 1443 2786 1595 2831; x_wconf 76' lang='lat' dir='ltr'>vera</span> <span class='ocrx_word' id='word_1_173' title='bbox 1634 2762 2029 2833; x_wconf 80' lang='lat' dir='ltr'>continetur.</span> <span class='ocrx_word' id='word_1_174' title='bbox 2068 2764 2249 2847; x_wconf 83' lang='lat' dir='ltr'>Haec</span> <span class='ocrx_word' id='word_1_175' title='bbox 2280 2778 2499 2829; x_wconf 83' lang='lat' dir='ltr'>autem</span> <span class='ocrx_word' id='word_1_176' title='bbox 2540 2759 2919 2851; x_wconf 79' lang='lat' dir='ltr'>praeferunt</span> 
     </span>
     <span class='ocr_line' id='line_1_23' title="bbox 899 2879 2923 2969; baseline -0.004 -14"><span class='ocrx_word' id='word_1_177' title='bbox 899 2882 969 2955; x_wconf 80' lang='lat' dir='ltr'>in</span> <span class='ocrx_word' id='word_1_178' title='bbox 1019 2880 1229 2951; x_wconf 85' lang='lat' dir='ltr'>fronte</span> <span class='ocrx_word' id='word_1_179' title='bbox 1269 2904 1508 2948; x_wconf 87' lang='lat' dir='ltr'>nomen</span> <span class='ocrx_word' id='word_1_180' title='bbox 1548 2879 2009 2949; x_wconf 81' lang='lat' dir='ltr'>litteratissimi</span> <span class='ocrx_word' id='word_1_181' title='bbox 2060 2898 2129 2950; x_wconf 85' lang='lat' dir='ltr'>et</span> <span class='ocrx_word' id='word_1_182' title='bbox 2166 2880 2682 2951; x_wconf 82' lang='lat' dir='ltr'>eminentissimi</span> <span class='ocrx_word' id='word_1_183' title='bbox 2744 2880 2923 2969; x_wconf 89' lang='lat' dir='ltr'>prin-</span> 
     </span>
     <span class='ocr_line' id='line_1_24' title="bbox 903 2998 2925 3093; baseline 0.004 -28"><span class='ocrx_word' id='word_1_184' title='bbox 903 3001 1073 3090; x_wconf 68' lang='lat' dir='ltr'>cipis</span> <span class='ocrx_word' id='word_1_185' title='bbox 1125 3000 1397 3091; x_wconf 77' lang='lat' dir='ltr'>Josephi</span> <span class='ocrx_word' id='word_1_186' title='bbox 1437 2998 1790 3092; x_wconf 55' lang='lat' dir='ltr'>cardinalis</span> <span class='ocrx_word' id='word_1_187' title='bbox 1828 3001 2173 3093; x_wconf 81' lang='lat' dir='ltr'>Gatampii</span> <span class='ocrx_word' id='word_1_188' title='bbox 2216 3001 2467 3093; x_wconf 82' lang='lat' dir='ltr'>Montis</span> <span class='ocrx_word' id='word_1_189' title='bbox 2512 2998 2925 3092; x_wconf 67' lang='lat' dir='ltr'>Faliscorum</span> 
     </span>
     <span class='ocr_line' id='line_1_25' title="bbox 903 3114 2095 3205; baseline -0.003 -18"><span class='ocrx_word' id='word_1_190' title='bbox 903 3114 1236 3205; x_wconf 81' lang='lat' dir='ltr'>episcopi.</span> <span class='ocrx_word' id='word_1_191' title='bbox 2089 3114 2095 3118; x_wconf 76' lang='grc'><strong>’</strong></span> 
     </span>
    </p>

    <p class='ocr_par' dir='ltr' id='par_1_2' title="bbox 907 3230 2951 4035">
     <span class='ocr_line' id='line_1_26' title="bbox 1000 3230 2933 3325; baseline -0.002 -22"><span class='ocrx_word' id='word_1_192' title='bbox 1000 3235 1332 3305; x_wconf 79' lang='lat' dir='ltr'>Hactenus</span> <span class='ocrx_word' id='word_1_193' title='bbox 1373 3234 1452 3303; x_wconf 78' lang='lat' dir='ltr'>dc</span> <span class='ocrx_word' id='word_1_194' title='bbox 1491 3234 1672 3304; x_wconf 87' lang='lat' dir='ltr'>illius</span> <span class='ocrx_word' id='word_1_195' title='bbox 1710 3233 2013 3325; x_wconf 84' lang='lat' dir='ltr'>operibus</span> <span class='ocrx_word' id='word_1_196' title='bbox 2054 3230 2531 3325; x_wconf 83' lang='lat' dir='ltr'>pertinentibus</span> <span class='ocrx_word' id='word_1_197' title='bbox 2578 3230 2663 3300; x_wconf 84' lang='lat' dir='ltr'>ad</span> <span class='ocrx_word' id='word_1_198' title='bbox 2713 3254 2933 3317; x_wconf 73' lang='lat' dir='ltr'>sacra.</span> 
     </span>
     <span class='ocr_line' id='line_1_27' title="bbox 913 3346 2933 3438; baseline -0.001 -25"><span class='ocrx_word' id='word_1_199' title='bbox 913 3346 1108 3427; x_wconf 77' lang='lat' dir='ltr'>Nunc</span> <span class='ocrx_word' id='word_1_200' title='bbox 1149 3348 1232 3417; x_wconf 82' lang='lat' dir='ltr'>ad</span> <span class='ocrx_word' id='word_1_201' title='bbox 1271 3348 1399 3417; x_wconf 79' lang='lat' dir='ltr'>alia</span> <span class='ocrx_word' id='word_1_202' title='bbox 1423 3403 1441 3434; x_wconf 87' lang='lat'><strong><em>,</em></strong></span> <span class='ocrx_word' id='word_1_203' title='bbox 1480 3374 1645 3437; x_wconf 77' lang='lat' dir='ltr'>quae</span> <span class='ocrx_word' id='word_1_204' title='bbox 1695 3349 1999 3438; x_wconf 89' lang='lat' dir='ltr'>reliquit,</span> <span class='ocrx_word' id='word_1_205' title='bbox 2036 3348 2423 3417; x_wconf 87' lang='lat' dir='ltr'>eruditionis</span> <span class='ocrx_word' id='word_1_206' title='bbox 2478 3370 2635 3418; x_wconf 86' lang='lat' dir='ltr'>suae</span> <span class='ocrx_word' id='word_1_207' title='bbox 2694 3370 2933 3425; x_wconf 33' lang='lat' dir='ltr'>monn-</span> 
     </span>
     <span class='ocr_line' id='line_1_28' title="bbox 913 3458 2939 3554; baseline -0 -26"><span class='ocrx_word' id='word_1_208' title='bbox 913 3476 1178 3547; x_wconf 73' lang='lat' dir='ltr'>menta.</span> <span class='ocrx_word' id='word_1_209' title='bbox 1223 3464 1454 3553; x_wconf 75' lang='lat' dir='ltr'>Itaque</span> <span class='ocrx_word' id='word_1_210' title='bbox 1493 3464 2050 3554; x_wconf 77' lang='lat' dir='ltr'>interpretandam</span> <span class='ocrx_word' id='word_1_211' title='bbox 2108 3463 2399 3553; x_wconf 82' lang='lat' dir='ltr'>suscepit</span> <span class='ocrx_word' id='word_1_212' title='bbox 2442 3462 2717 3533; x_wconf 85' lang='lat' dir='ltr'>Homeri</span> <span class='ocrx_word' id='word_1_213' title='bbox 2774 3458 2939 3528; x_wconf 82' lang='lat' dir='ltr'>Ilia-</span> 
     </span>
     <span class='ocr_line' id='line_1_29' title="bbox 920 3577 2939 3674; baseline -0.004 -23"><span class='ocrx_word' id='word_1_214' title='bbox 920 3582 1117 3666; x_wconf 62' lang='lat' dir='ltr'>dem,</span> <span class='ocrx_word' id='word_1_215' title='bbox 1171 3606 1446 3671; x_wconf 81' lang='lat' dir='ltr'>eamque</span> <span class='ocrx_word' id='word_1_216' title='bbox 1508 3585 1851 3653; x_wconf 81' lang='lat' dir='ltr'>vernaculo</span> <span class='ocrx_word' id='word_1_217' title='bbox 1904 3607 2207 3653; x_wconf 89' lang='lat' dir='ltr'>sermone</span> <span class='ocrx_word' id='word_1_218' title='bbox 2260 3582 2628 3674; x_wconf 82' lang='lat' dir='ltr'>expositam</span> <span class='ocrx_word' id='word_1_219' title='bbox 2686 3578 2783 3645; x_wconf 80' lang='lat' dir='ltr'>ita</span> <span class='ocrx_word' id='word_1_220' title='bbox 2830 3577 2939 3644; x_wconf 84' lang='lat' dir='ltr'>in-</span> 
     </span>
     <span class='ocr_line' id='line_1_30' title="bbox 924 3692 2939 3790; baseline -0.003 -25"><span class='ocrx_word' id='word_1_221' title='bbox 924 3697 1227 3787; x_wconf 71' lang='lat' dir='ltr'>scripsit:</span> <span class='ocrx_word' id='word_1_222' title='bbox 1287 3698 1524 3790; x_wconf 70' lang='lat' dir='ltr'>Omero</span> <span class='ocrx_word' id='word_1_223' title='bbox 1580 3698 1649 3767; x_wconf 87' lang='lat' dir='ltr'>in</span> <span class='ocrx_word' id='word_1_224' title='bbox 1704 3696 2109 3785; x_wconf 69' lang='lat' dir='ltr'>Lornbardia</span> <span class='ocrx_word' id='word_1_225' title='bbox 2144 3748 2161 3763; x_wconf 92' lang='lat'>.</span> <span class='ocrx_word' id='word_1_226' title='bbox 2220 3695 2589 3787; x_wconf 70' lang='lat' dir='ltr'>separatim</span> <span class='ocrx_word' id='word_1_227' title='bbox 2648 3692 2939 3784; x_wconf 86' lang='lat' dir='ltr'>primum</span> 
     </span>
     <span class='ocr_line' id='line_1_31' title="bbox 907 3802 2939 3911; baseline -0.005 -21"><span class='ocrx_word' id='word_1_228' title='bbox 907 3802 1132 3905; x_wconf 54' lang='lat' dir='ltr'>&#39;edidit</span> <span class='ocrx_word' id='word_1_229' title='bbox 1193 3820 1439 3911; x_wconf 88' lang='lat' dir='ltr'>priores</span> <span class='ocrx_word' id='word_1_230' title='bbox 1495 3819 1839 3893; x_wconf 84' lang='lat' dir='ltr'>duodecim</span> <span class='ocrx_word' id='word_1_231' title='bbox 1898 3817 2038 3911; x_wconf 84' lang='lat' dir='ltr'>ejus</span> <span class='ocrx_word' id='word_1_232' title='bbox 2092 3815 2337 3898; x_wconf 89' lang='lat' dir='ltr'>libros;</span> <span class='ocrx_word' id='word_1_233' title='bbox 2384 3812 2649 3882; x_wconf 87' lang='lat' dir='ltr'>eosdem</span> <span class='ocrx_word' id='word_1_234' title='bbox 2708 3827 2939 3901; x_wconf 73' lang='lat' dir='ltr'>postea</span> 
     </span>
     <span class='ocr_line' id='line_1_32' title="bbox 925 3922 2951 4035; baseline -0.004 -32"><span class='ocrx_word' id='word_1_235' title='bbox 925 3935 1336 4035; x_wconf 76' lang='lat' dir='ltr'>recognitos,</span> <span class='ocrx_word' id='word_1_236' title='bbox 1383 3951 1451 4004; x_wconf 83' lang='lat' dir='ltr'>et</span> <span class='ocrx_word' id='word_1_237' title='bbox 1487 3932 1571 4003; x_wconf 84' lang='lat' dir='ltr'>ad</span> <span class='ocrx_word' id='word_1_238' title='bbox 1612 3932 1953 4015; x_wconf 78' lang='lat' dir='ltr'>meliorem</span> <span class='ocrx_word' id='word_1_239' title='bbox 1992 3928 2273 4001; x_wconf 82' lang='lat' dir='ltr'>formam</span> <span class='ocrx_word' id='word_1_240' title='bbox 2332 3926 2629 4005; x_wconf 78' lang='lat' dir='ltr'>redactos</span> <span class='ocrx_word' id='word_1_241' title='bbox 2654 3977 2680 4011; x_wconf 88' lang='lat'><em>,</em></span> <span class='ocrx_word' id='word_1_242' title='bbox 2726 3922 2951 4019; x_wconf 40' lang='lat' dir='ltr'>quasi.</span> 
     </span>
    </p>
   </div>
  </div>
 </body>
</html>
