3125 4975
871 373 1042 426 ‘nm
1082 374 1360 426 rossam
1397 370 1763 429 naamon
2192 353 2332 432 351

313 506 445 559 non
483 488 624 559 sine
663 488 958 559 maximo
993 488 1204 579 ipsius
1243 487 1508 575 dolore,
1534 506 1603 561 et
1638 489 1883 583 jactura
1926 472 2237 625 ternporis
2262 486 2349 564 ad

313 606 530 675 studia
569 628 838 708 prorsus
877 604 1141 674 idonei.

410 725 630 811 Quare
681 720 1031 791 consilium
1088 718 1242 791 iniit
1293 742 1366 791 se
1403 716 1847 793 transferendi
1892 724 1977 795 ad
2030 724 2353 797 exteriora

313 834 674 905 Seminarii
713 834 1011 925 patavini
1051 835 1435 925 gymnasia,
1473 834 1590 913 ubi
1642 836 1939 927 ejusdem
1994 833 2348 909 seminarii

315 948 612 1041 magistri
652 950 1072 1019 accedentem
1113 948 1198 1019 ad
1234 972 1306 1017 se
1345 947 1751 1039 juventutem
1791 972 1869 1018 ea
1906 951 2105 1040 plane
2146 953 2350 1020 ratio-

314 1090 400 1137 ne
435 1054 834 1153 instituunt,
871 1088 1002 1158 qua
1048 1067 1492 1157 Seminarium
1531 1065 1753 1156 ipsum
1792 1064 2111 1135 Alumnos
2158 1090 2349 1140 suos.

314 1179 490 1249 Tum
531 1204 681 1249 vero
715 1180 964 1269 Joseph
1005 1178 1334 1270 plurima,
1372 1202 1540 1270 quae
1573 1192 1879 1247 rnatum
1915 1180 2179 1251 sortitus
2216 1179 2355 1251 fue-

317 1318 418 1368 rat
447 1353 468 1384 ,
508 1296 968 1390 progrediendi
1041 1293 1412 1388 praesidia,
1449 1316 1568 1367 sua
1620 1321 1751 1377 non
1790 1318 2017 1389 parum
2056 1300 2241 1372 auxit
2268 1312 2359 1371 et

319 1413 996 1485 excitavit·industria
1027 1463 1044 1481 .
1084 1414 1370 1484 Graecas
1409 1406 1777 1503 latinasque
1815 1415 2067 1485 litteras
2104 1418 2357 1509 impen-

321 1556 394 1602 se
425 1531 660 1615 coluit,
719 1532 804 1600 ad
861 1532 1020 1601 artis
1079 1532 1374 1622 poeticae
1399 1540 1482 1600 'et
1515 1532 1839 1602 oratoriae
1876 1526 2141 1603 laudem
2194 1557 2356 1603 con-

324 1648 536 1719 tendit
573 1642 832 1719 assiduo
859 1674 978 1719 usu
1032 1665 1100 1719 et
1137 1649 1512 1719 imitatione
1548 1650 1939 1741 scriptorum
1982 1650 2051 1719 in
2086 1667 2359 1741 utraque

327 1784 486 1856 prae
509 1769 742 1837 ceteris
771 1766 1240 1847 excellentium
1260 1817 1277 1834 .
1299 1766 1424 1838 His
1453 1768 1855 1839 accedebant
1886 1771 2351 1861 magistrorum

326 1878 814 1949 adhortationes
849 1932 870 1964 ‚
933 1878 1272 1949 eminendi
1329 1878 1520 1951 ardor
1557 1934 1579 1965 ‚
1634 1877 1926 1950 studium
1982 1879 2359 1954 aemulandi

326 1995 630 2088 exempla
669 2020 964 2089 quaeque
1005 1996 1322 2090 pulcrior-a
1348 2048 1363 2067 .
1405 2000 1659 2091 Magna
1706 2016 2049 2089 propterea
2102 1998 2361 2096 juvenis

327 2116 763 2206 exspectatio,
797 2116 984 2209 cujus
1047 2140 1424 2210 progressus
1483 2131 1769 2189 aetatem
1808 2118 2017 2211 ipsius
2054 2130 2359 2192 antever-

323 2244 528 2304 terat
1333 2250 1348 2263 ⁶

422 2349 639 2435 Atque
675 2344 800 2411 hoc
833 2340 1144 2443 nimirum
1180 2342 1248 2411 in
1281 2368 1476 2413 causa
1517 2341 1673 2427 fuit,
1702 2366 1817 2413 cur
1846 2343 2131 2420 loannes
2166 2348 2365 2421 Fran·

331 2460 542 2542 ciscus
579 2432 956 2527 Cardinalis
1013 2453 1410 2524 Barbadicus
1463 2456 1813 2544 episcopus
1870 2461 2215 2546 patavinus
2270 2460 2358 2534 ad

335 2557 677 2643 interiores
725 2565 1079 2642 seminarii
1123 2568 1380 2646 scholas
1419 2567 1724 2636 aditum
1708 2569 1836 2658 ipsi
1864 2585 2101 2659 patere
2148 2567 2363 2665 insse..

333 2691 457 2760 rit.
501 2689 736 2780 Neque
776 2688 956 2755 enim
1023 2686 1138 2756 ille
1161 2735 1182 2771 ,
1221 2699 1292 2754 ut
1329 2685 1518 2756 initio
1555 2686 1821 2772 monui,
1857 2681 2215 2768 seminarii
2266 2691 2367 2759 A·

327 2804 576 2876 lumnis
615 2805 978 2896 adscriptus
1046 2821 1230 2888 erat,
1269 2801 1385 2874 sed
1425 2802 1608 2873 domi
1666 2827 1819 2872 cum
1876 2802 2013 2873 suis
2058 2803 2373 2878 vivebat(

335 2921 492 2991 Jam
532 2945 686 2990 vero
727 2922 854 2990 huc
891 2921 1074 2990 idem
1110 2919 1408 3010 quotidie
1445 2918 1775 2986 ventitans
1814 2916 2147 2989 rhetorum
2186 2939 2371 3008 praet·

337 3039 675 3126 ceptiones
713 3038 996 3127 excepit
1043 3038 1128 3106 ab
1165 3038 1452 3106 Antonio
1488 3036 1709 3107 Judici
1766 3035 1869 3129 (ι)
1900 3021 2041 3104 ἦτα
2087 3035 2375 3106 clarissi-

339 3175 448 3222 mo
485 3170 552 3222 et
589 3153 674 3223 ad
705 3152 1104 3224 rhetoricam
1159 3155 1354 3244 plane
1393 3149 1567 3222 facto
1602 3205 1634 3222 -
1658 3153 1879 3222 Facile
1924 3153 2374 3245 unusquisque

343 3263 695 3353 intelligit,
745 3283 1024 3355 quantus
1063 3265 1164 3334 illi
1223 3260 1518 3336 discendi
1559 3265 1753 3334 ardm-
1784 3287 1871 3334 ex
1920 3266 2131 3358 ipsius
2168 3269 2372 3360 magi·

343 3385 464 3453 stri
508 3385 906 3474 praestantia
943 3385 1330 3470 accesserit,
1360 3384 1470 3476 qui
1513 3400 1583 3453 et
1616 3398 1811 3454 antea
1851 3379 2225 3478 hujusmodi
2264 3363 2373 3457 cus

344 3498 626 3594 piditate
663 3495 1032 3590 flagrabat.

441 3612 800 3703 Aliquanto
840 3627 988 3702 post
1021 3589 1108 3681 ex
1161 3605 1552 3682 scholastica
1602 3607 1957 3684 seminarii
2014 3606 2373 3702 disciplina

1618 3817 1700 3848 Μ

431 3982 536 4062 (ι)
575 3981 731 4052 Vide
771 3979 892 4066 ejus
935 3983 1112 4050 vitam
1144 4000 1276 4068 pag.
1315 3981 1451 4050 258.
