3125 4975
292 456 371 513 ro
409 424 469 505 si
509 427 753 513 vellet,
790 423 906 525 qui
948 446 1034 499 ex
1068 420 1443 503 seminario
1474 422 1790 515 patavino
1825 422 2104 518 profecti
2149 428 2340 512 litte-

296 557 396 633 ris
434 548 859 647 praestitere,
899 561 969 615 et
1002 543 1299 615 nominis
1336 541 1514 615 fama
1538 596 1554 613 .
1583 546 1640 615 li
1681 560 1978 634 tantum,
2019 550 2132 645 qui
2169 552 2346 629 mihi

303 668 584 743 veniunt
620 665 692 734 in
732 676 1031 743 mentem
1086 656 1259 729 ultro
1276 711 1301 745 ‚
1336 675 1610 751 possent
1659 658 1790 730 leei
1825 660 2020 756 hujus
2037 716 2061 750 ,
2099 664 2172 733 in
2219 692 2350 759 quo

300 782 465 871 alti,
508 803 755 855 nomen
793 798 1195 870 propagat-ez
1232 774 1530 869 exempli
1569 778 1820 869 gratia,
1876 780 2120 853 Verius
2140 834 2164 869 ,
2201 786 2352 857 Fer..

306 906 557 988 ratius,
613 896 1051 981 Melchiorius
1070 946 1093 981 ,
1130 892 1513 965 Jaeohettus
1533 950 1554 982 ‚
1591 897 2000 968 Facciolatus
2018 952 2042 987 ,
2078 902 2354 991 Franzo-

310 1046 437 1094 nus
447 1075 471 1109 ,
491 1017 799 1111 AEgidius
832 1014 1241 1088 Forcellinns
1258 1066 1283 1101 ,
1314 1014 1672 1085 Zanolinus
1689 1068 1712 1101 ,
1731 1017 2130 1089 Trivellatns
2147 1072 2170 1107 ‚
2189 1020 2359 1095 San-

312 1143 510 1214 dinus
528 1192 552 1225 ,
590 1136 865 1207 Pasinus
879 1186 905 1223 ,
938 1130 1323 1226 Brigentius
1350 1185 1373 1220 ,
1412 1134 1612 1205 Oliva
1628 1185 1650 1220 ,
1701 1134 2048 1207 anatius
2070 1191 2093 1224 ‚
2129 1138 2364 1211 Riual-

317 1258 441 1329 dus
462 1308 485 1341 ‚
526 1251 900 1337 Lastesius,
944 1246 1239 1319 'roaldus
1257 1298 1281 1333 ‚
1322 1245 1668 1317 Sihiliatus
1687 1300 1710 1335 ,
1747 1248 2056 1336 Canalis,
2077 1252 2368 1323 Joannes

312 1372 705 1450 Franciseus
740 1366 939 1440 Card.
976 1363 1379 1439 Barbadious
1400 1414 1423 1452 ‚
1456 1364 1826 1437 Sehvettus
1845 1421 1869 1455 ,
1896 1369 2316 1463 Bellogradus
2337 1384 2366 1457 ,’

320 1486 669 1561 Fneeiolus
692 1534 716 1569 ,
762 1484 865 1552 M.
932 1478 1251 1551 Antonius
1287 1480 1721 1569 Foreellinus,
1749 1482 2092 1553 Bai-tholus
2114 1538 2136 1569 ,
2167 1484 2370 1557 Scar-

336 1604 515 1675 dona
530 1652 554 1686 ,
588 1602 963 1681 Batai-ectus,
1002 1593 1395 1686 cognolatus
1418 1644 1441 1680 ,
1480 1592 1767 1686 aliique,
1817 1618 2046 1667 omnes
2083 1596 2370 1669 illustria

336 1718 603 1789 nomina
624 1766 640 1784 .
680 1712 939 1805 Quibus
960 1710 1174 1783 additi
1213 1711 1328 1804 qui
1368 1709 1602 1782 vivunt
1639 1712 1854 1783 adhue
1869 1764 1892 1799 ‚
1925 1731 1994 1785 et
2024 1713 2368 1807 publicum

335 1832 461 1903 hoe
492 1827 911 1924 gymnasium
952 1841 1193 1910 ornant
1227 1878 1253 1924 ³.
1322 1848 1671 1897 numerum
1708 1828 1994 1899 conflant
2041 1828 2238 1923 plane
2273 1829 2372 1899 in-

332 1964 595 2043 gentem
616 1998 635 2027 ,

418 2065 697 2137 Celeber
718 2065 1197 2137 litteoeariamm
1222 2062 1561 2154 ephemeri
1569 2062 1728 2135 dum
1775 2066 2054 2159 scriptor
2087 2066 2364 2139 Lamim

334 2180 431 2253 ait
451 2233 473 2266 ,
508 2204 598 2249 ex
632 2178 1004 2249 seminario
1040 2175 1357 2269 patavino
1371 2230 1393 2263 ,
1434 2194 1774 2271 tamquam
1809 2206 1898 2253 ex
1949 2205 2120 2274 equo
2167 2181 2378 2276 troja-¹

337 2318 429 2364 no
450 2344 471 2377 ‚
510 2309 917 2383 praestantes
953 2292 1127 2362 viros
1174 2292 1457 2383 singulis
1498 2295 1904 2387 temporibus
1940 2296 2186 2366 exiisse
2215 2299 2383 2389 (1).‘

341 2404 667 2497 Undique
688 2404 759 2473 in
796 2420 934 2475 tota
968 2407 1273 2498 patavina
1296 2405 1581 2477 dioecesi
1619 2427 1964 2480 occurrunt
1993 2434 2376 2481 monumen-

350 2537 421 2594 ta
474 2518 1061 2614 Seminnriensium
1086 2573 1107 2605 ‚
1152 2521 1265 2613 qui
1322 2521 1684 2612 plurimum
1735 2523 2030 2598 elmere
2083 2525 2380 2596 moribus

344 2635 753 2710 et-doctrina
778 2686 795 2702 .
834 2635 1169 2710 Resonant
1226 2635 1441 2706 adhue
1479 2633 1780 2726 pluribus
1817 2636 1890 2704 in
1928 2637 2249 2727 paroeciis
2285 2651 2398 2708 tot·

344 2779 679 2826 sacrorum
717 2769 1052 2844 pastorum
1089 2755 1363 2830 nomina
1378 2808 1400 2843 ,
1430 2755 1670 2848 quibus
1701 2755 1806 2826 vel
1841 2751 2202 2850 pascendas
2227 2775 2382 2824 suas

344 2899 503 2946 oves
524 2875 797 2945 tradidit
832 2875 936 2944 vir
972 2873 1247 2959 beatus,
1267 2875 1577 2968 vel'qnos
1610 2875 1794 2948 idem
1829 2875 1902 2946 in
1938 2871 2384 2952 Seminarium

342 3010 664 3086 exceptos
718 2993 887 3064 aluit
922 2993 997 3062 in
1034 3018 1227 3085 spem
1261 2995 1602 3088 Ecclesiae
1624 3047 1640 3064 .
1677 2997 1922 3066 Coetus
1963 2991 2243 3084 quilibet
2279 2992 2386 3067 vel

345 3109 627 3182 societas
655 3109 1055 3202 spectabiles
1094 3112 1272 3181 viros
1318 3113 1524 3207 jactat
1540 3165 1563 3199 ‚
1585 3113 1845 3186 Patavii
1875 3111 2114 3184 saltem
2149 3135 2192 3182 a
2226 3131 2386 3200 pueff

353 3222 449 3296 ris
486 3223 561 3298 in
605 3223 975 3304 seminario
1014 3225 1307 3307 eruditos
1328 3277 1345 3296 .

1042 3416 1714 3475 mmmm&

356 3637 367 3646 .
419 3573 531 3656 (ι)
572 3571 676 3635 Λᾶ
716 3595 849 3646 m.
908 3573 1485 3664 175⁵·1223·31-s‹·
1627 3653 1630 3658 ,
