3125 4975
2162 311 2331 410 ‘14¹³

1157 567 1470 639 νιΤΑ

563 793 1297 910 FRANCISCI
1368 771 2066 904 BOARETTI

395 1535 620 1738 Qui
687 1613 856 1684 mihi
925 1615 1037 1684 diu
1105 1637 1447 1706 superesse
1511 1581 1799 1687 debebat
1865 1633 2080 1688 aetate
2134 1619 2327 1690 valde

282 1752 598 1826 provecto
617 1786 640 1818 ,
686 1733 960 1803 Francis
975 1757 1089 1803 cus
1151 1735 1530 1825 Boarettus,
1574 1736 1674 1804 vir
1726 1735 2079 1827 multiplici
2128 1737 2323 1808 laude

297 1850 547 1932 clarus,
596 1846 776 1924 idem
851 1845 1078 1937 paucis
1137 1845 1224 1916 ab
1275 1846 1434 1917 hinc
1472 1847 1665 1917 annis
1724 1848 1865 1918 vita
1922 1847 2179 1920 functus
2216 1873 2329 1918 no-

300 1983 456 2029 vum
497 1973 955 2051 argumentum
1013 1957 1287 2050 praebet
1345 1957 1661 2030 historiae
1708 1985 1936 2032 meae.
2000 1965 2065 2031 1⁸
2102 1963 2337 2055 itaque·

299 2075 510 2142 XVII
543 2073 688 2145 Cal.
749 2071 1091 2163 Septemb.
1129 2095 1281 2140 ann.
1328 2075 1504 2166 1748
1539 2090 1731 2144 natus
1778 2091 1879 2144 est
1922 2075 2167 2146 Masiis
2206 2101 2325 2168 pa-

303 2186 566 2256 tavinae
623 2184 940 2254 dioecesis
997 2185 1306 2275 paroecia
1363 2185 1450 2255 ad
1503 2187 1718 2276 ripam
1779 2188 2046 2259 Athesis
2101 2206 2327 2261 eontra

302 2302 689 2375 abbatiense
743 2302 1058 2393 oppidum
1115 2301 1278 2374 sita.
1340 2289 1564 2375 Prima
1619 2306 2087 2398 grammaticae
2140 2307 2324 2378 rudi-

307 2431 533 2488 menta
571 2415 861 2508 percepit
892 2417 960 2484 in
994 2415 1400 2487 abbatiensis
1439 2415 1623 2487 illius
1650 2417 2004 2489 seminarii
2042 2421 2323 2511 scholia,

303 2558 472 2635 quae
513 2560 642 2604 non
679 2536 840 2605 solis
879 2537 1164 2611 alumnis
1223 2536 1579 2631 patebant,
1628 2536 1744 2608 sed
1798 2537 2065 2629 insuper
2102 2556 2169 2608 et
2205 2562 2325 2609 ex-

307 2652 511 2728 ternis
533 2707 548 2729 .
771 2652 784 2663 ’
1495 2730 1503 2739 ,

395 2767 569 2836 Hinc
606 2767 950 2838 discedens
987 2768 1336 2843 Patavium
1381 2769 1605 2855 venit,
1644 2786 1711 2839 et
1744 2768 1816 2838 in
1857 2768 2050 2861 hujus
2102 2767 2323 2841 Semi-

309 2880 480 2954 narii
518 2880 788 2955 clericos
826 2882 1191 2975 descriptus
1223 2901 1325 2955 est
1352 2908 1392 2955 a
1421 2882 1739 2959 cardinali
1774 2882 2141 2953 Veronesio
2170 2904 2325 2953 cum

311 3013 552 3063 annum
591 2994 895 3085 quintum
935 3020 1134 3088 supra
1169 2996 1502 3067 decimum
1547 2996 1956 3067 inchoasset.
2012 2993 2323 3085 Superio-
2428 3042 2431 3047 -

312 3108 402 3176 ris
439 3111 908 3199 grammaticae
945 3114 1165 3183 studio
1202 3112 1502 3183 addictus
1538 3114 1831 3181 eminere
1876 3110 2103 3177 statim
2150 3110 2323 3183 inter

311 3222 791 3315 condiscipulos
827 3224 1090 3318 coepit,
1129 3248 1206 3293 ac
1244 3226 1535 3315 prosperi
1574 3225 1844 3293 omnino
1880 3223 2094 3292 exitus
2132 3247 2323 3316 spem

309 3340 621 3430 praebere
644 3392 660 3411 .
705 3342 1159 3415 Adolescentia
1197 3342 1490 3415 indolem
1529 3365 1601 3411 se
1638 3364 1708 3410 se
1746 3338 2128 3415 efferentem
2166 3368 2321 3440 quo-

307 3455 470 3527 tidie
509 3456 721 3550 magis
757 3454 1040 3526 feliciter
1077 3482 1458 3549 promovere
1496 3444 1713 3529 modis
1766 3455 2071 3532 omnibus
2125 3482 2317 3551 prae·-

309 3562 642 3669 c²eptores‚
680 3572 1061 3667 opportunis
1099 3572 1441 3656 laudibus,
1483 3569 2084 3656 adhortationibus,
2122 3593 2316 3661 prae-

311 3685 499 3770 miis,
541 3701 679 3759 tum
719 3682 1000 3777 publicis
1039 3686 1444 3779 privatisque
1490 3683 2111 3769 exercitationibus,
2146 3706 2314 3779 quae

310 3816 390 3871 ex
427 3796 779 3871 Seminarii
817 3800 1286 3875 consuetudine
1325 3799 1551 3872 haberi
1588 3800 1840 3871 solent.

310 3886 324 3911 ⁸
389 3918 608 4005 Atque
645 3914 755 3985 hic
793 3916 960 3989 mihi
999 3919 1184 3989 venit
1218 3918 1288 3987 in
1325 3936 1617 3991 mentem
1655 3914 2047 4014 iuius,diei,
2072 3938 2201 4007 quo
2238 3913 2321 3999 iq
