3125 4975
711 256 856 377 334

1570 520 1890 601 vrri

1078 756 1681 868 JOANNIS·
1734 748 2398 866 BRUNATII

804 1502 898 1653 J
898 1600 1182 1653 oannem
1241 1573 1628 1648 Brunatium
1684 1574 1756 1643 in
1794 1572 2038 1668 oppido
2073 1570 2541 1649 Montissilicis
2578 1598 2759 1649 com·-

714 1702 898 1797 perio
935 1715 1163 1769 natum
1201 1696 1307 1767 IV
1345 1696 1522 1765 Non.
1563 1694 1974 1766 Decembres
2001 1719 2152 1765 ann.
2186 1722 2351 1787 ¹7¹1
2380 1750 2395 1764 .
2436 1698 2759 1769 Duoden-

715 1816 822 1885 nis
877 1814 1050 1884 inter
1104 1806 1400 1901 patavini
1469 1806 1831 1877 Seminarii
1896 1808 2199 1877 alumnos
2251 1810 2621 1899 excipitur,
2678 1834 2759 1883 ac

715 1929 980 2029 jubetur
1041 1926 1280 2018 primis
1345 1926 1818 2019 grammaticae
1880 1921 2276 1997 rudimentis
2339 1950 2413 1997 se
2474 1928 2715 2001 dedere
2740 1979 2758 2001 .

715 2052 877 2121 Erat
911 2050 982 2117 in
1019 2070 1098 2116 eo
1137 2061 1396 2139 praeter
1431 2042 1845 2116 docilitatem
1882 2042 2134 2139 ingenii
2169 2068 2417 2139 magna
2452 2045 2753 2119 discendi

718 2164 1036 2250 aviditas,
1063 2169 1154 2235 ‘ac
1193 2163 1290 2232 vis
1329 2162 1697 2233 memoriae
1716 2216 1739 2250 ,
1776 2188 1864 2235 ex
1886 2185 2016 2256 quo
2044 2164 2278 2250 fiebat,
2306 2181 2383 2235 ut
2412 2164 2756 2256 celeriter,

719 2303 888 2371 quae
926 2278 1374 2362 traderentur,
1423 2274 1775 2368 arriperet.
1835 2282 2017 2347 Inter
2070 2279 2375 2371 aequales
2416 2282 2759 2368 eminens,

715 2398 854 2494 jam
893 2410 1035 2468 tum
1075 2397 1365 2492 aliquam
1405 2394 1564 2465 fecit
1602 2399 2163 2488 exspectationem
2202 2396 2301 2467 sui
2326 2398 2755 2468 ‚Politiorum

651 2535 662 2547 “
719 2515 1087 2591 litterarum
1129 2541 1320 2588 cursu
1360 2515 1695 2604 confecto,
1736 2515 2179 2588 Seminarium
2216 2517 2519 2610 reliquit.

786 2635 1100 2727 Egressus
1128 2657 1257 2700 non
1291 2629 1596 2700 desidem
1631 2631 1837 2701 vitam
1879 2632 2013 2724 egit
2035 2631 2241 2724 (quod
2268 2633 2335 2700 in
2362 2631 2588 2724 juvene
2610 2652 2751 2698 me·

715 2751 1114 2838 tuendum),
1153 2745 1271 2816 sed
1310 2747 1911 2837 praestantissimis
1968 2748 2126 2818 viris
2168 2774 2243 2819 ac
2280 2744 2757 2840 professoribus

720 2885 874 2929 usus
923 2875 1024 2928 est
1068 2857 1154 2926 ad
1209 2859 1621 2928 severiorum
1665 2861 2161 2950 disciplinarum
2205 2859 2748 2954 intelligentiam.

715 2975 1497 3066 Philosophiam-accepit
1531 3002 1569 3048 a
1608 2977 2235 3070 Verio(1)primum
2258 3035 2279 3066 ,
2304 3005 2461 3049 mox
2492 3003 2531 3048 a
2566 2976 2749 3048 Sela-

717 3105 896 3159 vetto
933 3089 1250 3160 canonico
1287 3091 1755 3162 Montissilicis
1788 3094 1934 3184 (2).
1969 3095 2453 3164 Mathematica
2492 3113 2755 3184 quoque

637 3229 648 3240 ·
719 3203 1045 3290 excoluit,
1082 3205 1154 3274 in
1192 3205 1426 3294 primis
1466 3221 1688 3274 autem
1729 3205 2093 3298 theologica
2114 3234 2136 3295 3
2174 3207 2245 3276 in
2300 3207 2440 3277 illis
2478 3206 2755 3296 quidem

615 3347 620 3351 ·
716 3332 1070 3407 praeeunte
1105 3317 1234 3389 sibi
1274 3319 1527 3388 Joanne
1561 3319 1845 3406 Poleno,
1886 3320 1956 3389 in
2012 3321 2117 3396 his
2170 3343 2322 3390 vero
2369 3320 2756 3412 Hyacinthe

715 3433 912 3526 Serry
933 3485 956 3522 ,
1011 3450 1080 3504 et
1133 3459 1282 3504 ann.
1354 3437 1528 3533 1734
1580 3438 1653 3508 in
1710 3464 1894 3509 sacro
1951 3439 2395 3532 theologorum
2450 3437 2751 3528 collegio

1398 3663 2057 3702 mmmmm-mmm

799 3811 898 3888 (ι)
937 3805 1096 3874 Vide
1135 3805 1256 3890 ejus
1297 3809 1475 3872 vitam
1513 3833 1644 3894 pag.
1688 3813 1783 3895 75.

797 3913 897 3995 (2)
939 3912 1096 3987 Vide
1135 3911 1256 3998 ejus
1299 3913 1476 3976 vitam
1515 3935 1646 3998 pag.
1692 3915 1833 3979 252.
