3125 4975
795 407 976 459 xxv!

795 524 1241 601 instituendae
1292 543 1561 592 munere
1616 520 1975 615 juventutis
2028 520 2115 593 ad
2172 522 2477 595 altiorem
2546 524 2815 617 gradum

795 660 1058 716 evectus
1095 642 1333 711 studiis
1371 640 1609 709 nostris
1648 640 1949 733 regendis
1998 664 2075 710 ac
2123 641 2540 711 moderandis
2580 645 2814 732 praefi-

799 777 1053 832 ceretur
1075 760 1182 853 (1)
1205 760 1394 831 ..Iam
1433 782 1512 829 eo
1551 748 1827 845 deveni,
1864 758 1980 828 ubi
2018 759 2193 829 laeta
2229 760 2519 829 exsultat
2561 762 2768 829 oratio
2796 814 2821 847 ,

792 890 862 946 et
897 875 1098 947 latius
1133 898 1252 945 sua
1287 874 1433 945 vela
1461 872 1746 964 pandere
1780 872 2065 965 gestiens
2104 889 2408 965 properat
2443 890 2661 943 vastos
2688 874 2822 942 elo-

787 994 1101 1085 quentiae
1137 1008 1379 1064 tractus
1415 1012 1761 1085 peragrare
1778 1042 1805 1077 ,
1850 1004 1920 1061 et
1952 991 2226 1083 ingenui
2264 990 2539 1061 oratoris
2590 990 2819 1061 laudea

793 1092 1212 1205 expromere.

1761 1348 1852 1417 11.

882 1578 1316 1671 Eloquentiae
1345 1594 1449 1649 est
1481 1601 1613 1648 non
1652 1577 1864 1648 solum
1904 1592 2057 1667 apte
2094 1576 2315 1646 dicere
2352 1576 2437 1645 ad
2474 1575 2821 1647 oblectan-

794 1694 994 1781 dum,
1035 1721 1261 1766 verum
1299 1698 1502 1766 etiam
1545 1696 2038 1771 accommodate
2105 1692 2191 1761 ad
2262 1693 2697 1762 erudiendum
2758 1710 2843 1763 et-

793 1814 1310 1905 permovendum
1335 1864 1352 1881 .
1391 1812 1496 1883 Sit
1534 1812 1733 1903 igitur
1770 1814 2033 1901 orator(
2056 1828 2126 1879 ut
2162 1810 2485 1900 ingenuus
2518 1809 2653 1877 diei
2685 1834 2836 1898 pos·-

796 1926 887 1996 sit
924 1927 953 2014 )
985 1925 1076 1995 sit
1112 1941 1363 2009 orator,
1403 1926 1677 2015 inquam
1716 1949 1865 1992 curn
1906 1924 2357 2013 Quintiliano,
2397 1922 2499 1991 vir
2552 1921 2769 1991 bonus
2811 1975 2835 2009 ,

795 2038 1070 2109 dicendi·
1098 2039 1347 2128 petitus
1387 2039 1541 2128 (ης
1580 2038 1845 2128 ingenio
1884 2037 2195 2106 videlicet
2244 2035 2461 2107 valeat
2516 2057 2827 2121 experre-

797 2166 949 2236 cto,
989 2150 1170 2222 facili
1207 2168 1485 2235 natura,
1541 2167 1627 2245 ‘ut
1692 2150 2104 2229 audientium
2178 2150 2435 2217 animos
2494 2147 2841 2237 voluptate

795 2268 1170 2357 devinciat3
1226 2269 1296 2336 in
1357 2268 1593 2358 primis
1646 2284 1867 2337 autem
1930 2270 2249 2337 virtutem
2316 2264 2489 2333 colat
2527 2263 2842 2334 altricem

795 2380 1042 2471 eloquii
1081 2398 1150 2450 et
1187 2383 1620 2472 magistram3
1662 2402 1857 2449 nemo
1916 2382 2097 2449 enim
2156 2394 2375 2468 potest
2432 2379 2843 2467 persuadere

796 2499 1140 2584 dicendo,.
1171 2499 1299 2566 nisi
1341 2523 1458 2584 ea,
1497 2521 1669 2588 quae
1710 2499 1911 2583 dicit,
1952 2498 2127 2566 vitae
2170 2496 2411 2585 probet,
2442 2497 2845 2566 auctoritate

797 2631 867 2686 et
902 2617 1318 2688 innocentia:
1357 2615 1515 2685 hinc
1556 2615 1843 2684 domitas
1882 2613 2122 2681 habeat
2176 2611 2575 2697 cupiditates
2619 2663 2642 2695 ‚
2716 2637 2847 2684 ne..

799 2734 1054 2804 minem
1096 2737 1351 2818 laedat,
1395 2758 1526 2801 non
1576 2730 1812 2800 efferat
1846 2753 1956 2814 se,
1994 2753 2123 2797 non
2164 2709 2516 2797 insolescat
2556 2733 2856 2820 popula-

803 2847 896 2917 ris
929 2871 1132 2926 aurae,
1162 2847 1537 2930 desiderio3
1574 2828 1747 2912 r'uhil
1782 2843 1963 2912 enirn
2006 2843 2216 2933 magis
2256 2842 2599 2914 auditores·
2632 2844 2855 2918 offen.

801 2963 946 3046 dit,
983 2979 1052 3030 et
1104 2959 1370 3030 fastidio
1429 2961 1715 3052 quodam
1764 2961 2135 3047 abalienat,
2197 2982 2395 3051 quam
2457 2957 2675 3031 fastus
2742 2966 2850 3035 lo·

805 3075 1067 3166 quentis
1124 3091 1192 3142 et
1249 3074 1592 3166 superbia3
1628 3075 1873 3167 cogitet
1909 3076 2110 3144 etiam
2148 3075 2427 3144 aliorum
2492 3097 2734 3147 euram
2778 3093 2853 3149 et

803 3191 1256 3268 defensionem
1295 3193 1428 3264 sihi
1465 3216 1613 3264 esse
1649 3195 2114 3295 com-missam,
2177 3193 2261 3263 de
2314 3192 2497 3263 nulla
2558 3194 2705 3266 alia
2776 3189 2853 3266 re

1485 3379 2147 3430 nemmem

891 3586 991 3665 (r)
1033 3583 1241 3670 Coepit
1274 3606 1532 3670 praeesse
1561 3585 1768 3649 studiis
1798 3609 1933 3662 aun.
1977 3609 2120 3669 1771
2143 3630 2158 3647 .
2186 3586 2322 3669 Quo
2362 3585 2425 3645 in
2452 3605 2701 3648 munere
2734 3588 2857 3652 Ca-

803 3685 997 3770 ietano
1040 3687 1359 3768 Coguolato
1397 3691 1674 3750 successit
1696 3732 1712 3750 .
1752 3688 1909 3754 Vide
1944 3687 2113 3768 hujus
2150 3688 2329 3748 vitam
2369 3705 2499 3768 pag.
2530 3693 2707 3766 429.-

887 3787 988 3866 (2)
1026 3787 1240 3851 Orator
1275 3809 1400 3850 esse
1448 3789 1564 3851 nisi
1610 3789 1716 3853 vir
1760 3787 1945 3851 bonus
1984 3807 2101 3848 non
2156 3799 2374 3870 potest:
2416 3782 2673 3864 ideoque
2730 3809 2861 3854 nou

803 3889 1041 3956 dicendi
1097 3895 1266 3958 modo
1324 3893 1587 3960 eximiam
1640 3899 1704 3959 in
1760 3919 1828 3959 eo
1868 3895 2193 3957 facultatem
2213 3934 2235 3966 ,
2270 3889 2377 3952 sed
2417 3909 2623 3954 omnes
2677 3896 2867 3964 enimi

808 3997 1050 4082 ‚virtutes
1083 4002 1356 4088 exigimus
1374 4049 1392 4068 .
1438 4007 1691 4092 Quintil.
1728 4006 1836 4070 lib.
1886 4025 1907 4068 ι
1921 4047 1939 4070 .
1971 4023 2239 4088 prooem.
2272 4021 2331 4062 c.
2370 4015 2433 4062 2.
