<?xml version="1.0" encoding="UTF-8"?>
<!DOCTYPE html PUBLIC "-//W3C//DTD XHTML 1.0 Transitional//EN"
    "http://www.w3.org/TR/xhtml1/DTD/xhtml1-transitional.dtd">
<html xmlns="http://www.w3.org/1999/xhtml" xml:lang="en" lang="en">
 <head>
  <title>
</title>
<meta http-equiv="Content-Type" content="text/html;charset=utf-8" />
  <meta name='ocr-system' content='tesseract 3.04.00' />
  <meta name='ocr-capabilities' content='ocr_page ocr_carea ocr_par ocr_line ocrx_word'/>
</head>
<body>
  <div class='ocr_page' id='page_1' title='image "./vitaevirorumill01melagoog_0207.png"; bbox 0 0 3125 4975; ppageno 0'>
   <div class='ocr_carea' id='block_1_1' title="bbox 714 273 1831 345">
    <p class='ocr_par' dir='ltr' id='par_1_1' title="bbox 714 273 1831 345">
     <span class='ocr_line' id='line_1_1' title="bbox 714 273 1831 345; baseline -0.004 0"><span class='ocrx_word' id='word_1_1' title='bbox 714 273 843 345; x_wconf 64' lang='lat' dir='ltr'>iiio</span> <span class='ocrx_word' id='word_1_2' title='bbox 1662 279 1831 331; x_wconf 51' lang='lat' dir='ltr'>5⁹1·ss</span> 
     </span>
    </p>
   </div>
   <div class='ocr_carea' id='block_1_2' title="bbox 708 390 2758 3614">
    <p class='ocr_par' dir='ltr' id='par_1_2' title="bbox 708 390 2754 2337">
     <span class='ocr_line' id='line_1_2' title="bbox 789 390 2752 498; baseline -0.002 -17"><span class='ocrx_word' id='word_1_3' title='bbox 789 408 947 483; x_wconf 86' lang='lat' dir='ltr'>Non</span> <span class='ocrx_word' id='word_1_4' title='bbox 974 424 1208 498; x_wconf 84' lang='lat' dir='ltr'>parum</span> <span class='ocrx_word' id='word_1_5' title='bbox 1245 414 1421 473; x_wconf 89' lang='lat' dir='ltr'>certe</span> <span class='ocrx_word' id='word_1_6' title='bbox 1448 395 1826 469; x_wconf 73' lang='lat' dir='ltr'>reconditae</span> <span class='ocrx_word' id='word_1_7' title='bbox 1861 390 2254 470; x_wconf 82' lang='lat' dir='ltr'>eruditionis</span> <span class='ocrx_word' id='word_1_8' title='bbox 2287 392 2360 469; x_wconf 91' lang='lat' dir='ltr'>in</span> <span class='ocrx_word' id='word_1_9' title='bbox 2397 396 2508 471; x_wconf 85' lang='lat' dir='ltr'>his</span> <span class='ocrx_word' id='word_1_10' title='bbox 2533 428 2752 477; x_wconf 79' lang='lat' dir='ltr'>occur-</span> 
     </span>
     <span class='ocr_line' id='line_1_3' title="bbox 716 510 2754 615; baseline -0.004 -18"><span class='ocrx_word' id='word_1_11' title='bbox 716 527 808 598; x_wconf 86' lang='lat' dir='ltr'>rit</span> <span class='ocrx_word' id='word_1_12' title='bbox 833 518 1202 615; x_wconf 73' lang='lat' dir='ltr'>legentibus</span> <span class='ocrx_word' id='word_1_13' title='bbox 1238 533 1306 585; x_wconf 92' lang='lat' dir='ltr'>et</span> <span class='ocrx_word' id='word_1_14' title='bbox 1328 514 1590 583; x_wconf 81' lang='lat' dir='ltr'><strong>critices</strong></span> <span class='ocrx_word' id='word_1_15' title='bbox 1622 564 1638 579; x_wconf 91' lang='lat'><strong>.</strong></span> <span class='ocrx_word' id='word_1_16' title='bbox 1665 512 1904 601; x_wconf 82' lang='lat' dir='ltr'>Neque</span> <span class='ocrx_word' id='word_1_17' title='bbox 1941 510 2123 579; x_wconf 88' lang='lat' dir='ltr'>enim</span> <span class='ocrx_word' id='word_1_18' title='bbox 2159 512 2412 603; x_wconf 72' lang='lat' dir='ltr'>,Ioseph</span> <span class='ocrx_word' id='word_1_19' title='bbox 2449 518 2570 603; x_wconf 88' lang='lat' dir='ltr'>(ut</span> <span class='ocrx_word' id='word_1_20' title='bbox 2605 518 2754 608; x_wconf 82' lang='lat' dir='ltr'>ipse</span> 
     </span>
     <span class='ocr_line' id='line_1_4' title="bbox 708 622 2750 727; baseline -0.006 -16"><span class='ocrx_word' id='word_1_21' title='bbox 708 640 950 712; x_wconf 81' lang='lat' dir='ltr'>fatetur</span> <span class='ocrx_word' id='word_1_22' title='bbox 966 636 1039 707; x_wconf 90' lang='lat' dir='ltr'>in</span> <span class='ocrx_word' id='word_1_23' title='bbox 1067 629 1516 725; x_wconf 71' lang='lat' dir='ltr'>praefatione)</span> <span class='ocrx_word' id='word_1_24' title='bbox 1546 625 1860 719; x_wconf 78' lang='lat' dir='ltr'>cujusque</span> <span class='ocrx_word' id='word_1_25' title='bbox 1890 622 2140 693; x_wconf 87' lang='lat' dir='ltr'>codicis</span> <span class='ocrx_word' id='word_1_26' title='bbox 2167 640 2428 697; x_wconf 90' lang='lat' dir='ltr'>tantum</span> <span class='ocrx_word' id='word_1_27' title='bbox 2459 646 2750 727; x_wconf 81' lang='lat' dir='ltr'>aetatem</span> 
     </span>
     <span class='ocr_line' id='line_1_5' title="bbox 716 745 2754 843; baseline -0.004 -13"><span class='ocrx_word' id='word_1_28' title='bbox 716 758 958 843; x_wconf 87' lang='lat' dir='ltr'>tradit,</span> <span class='ocrx_word' id='word_1_29' title='bbox 995 754 1112 824; x_wconf 85' lang='lat' dir='ltr'>sed</span> <span class='ocrx_word' id='word_1_30' title='bbox 1148 752 1357 823; x_wconf 86' lang='lat' dir='ltr'>etiam</span> <span class='ocrx_word' id='word_1_31' title='bbox 1402 762 1786 818; x_wconf 88' lang='lat' dir='ltr'>ornamenta</span> <span class='ocrx_word' id='word_1_32' title='bbox 1805 796 1830 831; x_wconf 92' lang='lat'>‚</span> <span class='ocrx_word' id='word_1_33' title='bbox 1868 745 2158 837; x_wconf 81' lang='lat' dir='ltr'>picturas</span> <span class='ocrx_word' id='word_1_34' title='bbox 2177 799 2197 832; x_wconf 92' lang='lat'>,</span> <span class='ocrx_word' id='word_1_35' title='bbox 2222 746 2484 836; x_wconf 84' lang='lat' dir='ltr'>icones,</span> <span class='ocrx_word' id='word_1_36' title='bbox 2525 750 2754 822; x_wconf 86' lang='lat' dir='ltr'>chara·</span> 
     </span>
     <span class='ocr_line' id='line_1_6' title="bbox 714 860 2746 961; baseline -0.003 -22"><span class='ocrx_word' id='word_1_37' title='bbox 714 870 913 939; x_wconf 88' lang='lat' dir='ltr'>cteris</span> <span class='ocrx_word' id='word_1_38' title='bbox 948 867 1343 961; x_wconf 77' lang='lat' dir='ltr'>elegantiam</span> <span class='ocrx_word' id='word_1_39' title='bbox 1378 879 1447 933; x_wconf 89' lang='lat' dir='ltr'>et</span> <span class='ocrx_word' id='word_1_40' title='bbox 1492 862 1923 945; x_wconf 78' lang='lat' dir='ltr'>varietatem,</span> <span class='ocrx_word' id='word_1_41' title='bbox 1955 876 2024 928; x_wconf 88' lang='lat' dir='ltr'>et</span> <span class='ocrx_word' id='word_1_42' title='bbox 2059 860 2194 931; x_wconf 89' lang='lat' dir='ltr'>alia</span> <span class='ocrx_word' id='word_1_43' title='bbox 2230 862 2517 953; x_wconf 83' lang='lat' dir='ltr'>plurima</span> <span class='ocrx_word' id='word_1_44' title='bbox 2539 916 2556 933; x_wconf 89' lang='lat'><strong>.</strong></span> <span class='ocrx_word' id='word_1_45' title='bbox 2589 862 2746 936; x_wconf 89' lang='lat' dir='ltr'>Sin-</span> 
     </span>
     <span class='ocr_line' id='line_1_7' title="bbox 714 977 2746 1080; baseline -0.003 -22"><span class='ocrx_word' id='word_1_46' title='bbox 714 988 868 1080; x_wconf 78' lang='lat' dir='ltr'>gula</span> <span class='ocrx_word' id='word_1_47' title='bbox 904 984 1191 1055; x_wconf 80' lang='lat' dir='ltr'>excussit</span> <span class='ocrx_word' id='word_1_48' title='bbox 1209 1033 1230 1068; x_wconf 86' lang='lat'>‚</span> <span class='ocrx_word' id='word_1_49' title='bbox 1266 998 1335 1051; x_wconf 89' lang='lat' dir='ltr'>et</span> <span class='ocrx_word' id='word_1_50' title='bbox 1371 994 1670 1049; x_wconf 86' lang='lat' dir='ltr'>accurate</span> <span class='ocrx_word' id='word_1_51' title='bbox 1705 977 2027 1070; x_wconf 79' lang='lat' dir='ltr'>perlegit3</span> <span class='ocrx_word' id='word_1_52' title='bbox 2069 978 2176 1049; x_wconf 77' lang='lat' dir='ltr'>vel</span> <span class='ocrx_word' id='word_1_53' title='bbox 2225 980 2506 1051; x_wconf 88' lang='lat' dir='ltr'>minima</span> <span class='ocrx_word' id='word_1_54' title='bbox 2561 1007 2746 1053; x_wconf 81' lang='lat' dir='ltr'>sum-</span> 
     </span>
     <span class='ocr_line' id='line_1_8' title="bbox 720 1091 2746 1187; baseline -0.003 -14"><span class='ocrx_word' id='word_1_55' title='bbox 720 1124 833 1173; x_wconf 85' lang='lat' dir='ltr'>ma</span> <span class='ocrx_word' id='word_1_56' title='bbox 870 1100 997 1167; x_wconf 83' lang='lat' dir='ltr'>fide</span> <span class='ocrx_word' id='word_1_57' title='bbox 1032 1112 1102 1165; x_wconf 91' lang='lat' dir='ltr'>et</span> <span class='ocrx_word' id='word_1_58' title='bbox 1138 1092 1483 1185; x_wconf 80' lang='lat' dir='ltr'>diligentia</span> <span class='ocrx_word' id='word_1_59' title='bbox 1532 1091 1916 1182; x_wconf 82' lang='lat' dir='ltr'>descripsit3</span> <span class='ocrx_word' id='word_1_60' title='bbox 1971 1092 2312 1182; x_wconf 79' lang='lat' dir='ltr'>supposita</span> <span class='ocrx_word' id='word_1_61' title='bbox 2349 1118 2392 1163; x_wconf 89' lang='lat' dir='ltr'>a</span> <span class='ocrx_word' id='word_1_62' title='bbox 2439 1098 2746 1187; x_wconf 75' lang='lat' dir='ltr'>genuinis</span> 
     </span>
     <span class='ocr_line' id='line_1_9' title="bbox 720 1203 2744 1297; baseline -0.002 -13"><span class='ocrx_word' id='word_1_63' title='bbox 720 1210 997 1285; x_wconf 73' lang='lat' dir='ltr'>secrevit</span> <span class='ocrx_word' id='word_1_64' title='bbox 1014 1238 1038 1297; x_wconf 81' lang='lat'>3</span> <span class='ocrx_word' id='word_1_65' title='bbox 1076 1208 1209 1279; x_wconf 81' lang='lat' dir='ltr'>alia</span> <span class='ocrx_word' id='word_1_66' title='bbox 1260 1208 1433 1277; x_wconf 86' lang='lat' dir='ltr'>inter</span> <span class='ocrx_word' id='word_1_67' title='bbox 1484 1203 1688 1275; x_wconf 86' lang='lat' dir='ltr'>dubia</span> <span class='ocrx_word' id='word_1_68' title='bbox 1737 1203 2065 1274; x_wconf 85' lang='lat' dir='ltr'>recensuit</span> <span class='ocrx_word' id='word_1_69' title='bbox 2095 1257 2118 1291; x_wconf 90' lang='lat'>‚</span> <span class='ocrx_word' id='word_1_70' title='bbox 2171 1207 2312 1276; x_wconf 77' lang='lat' dir='ltr'>suis</span> <span class='ocrx_word' id='word_1_71' title='bbox 2365 1210 2744 1280; x_wconf 84' lang='lat' dir='ltr'>auctoribus</span> 
     </span>
     <span class='ocr_line' id='line_1_10' title="bbox 720 1316 2744 1411; baseline -0.003 -12"><span class='ocrx_word' id='word_1_72' title='bbox 720 1329 853 1399; x_wconf 80' lang='lat' dir='ltr'>alia</span> <span class='ocrx_word' id='word_1_73' title='bbox 907 1322 1235 1409; x_wconf 79' lang='lat' dir='ltr'>asseruit3</span> <span class='ocrx_word' id='word_1_74' title='bbox 1288 1334 1592 1411; x_wconf 81' lang='lat' dir='ltr'>corrupta</span> <span class='ocrx_word' id='word_1_75' title='bbox 1635 1317 2016 1387; x_wconf 83' lang='lat' dir='ltr'>emendavit</span> <span class='ocrx_word' id='word_1_76' title='bbox 2033 1370 2054 1404; x_wconf 92' lang='lat'>‚</span> <span class='ocrx_word' id='word_1_77' title='bbox 2109 1316 2372 1391; x_wconf 87' lang='lat' dir='ltr'>foedata</span> <span class='ocrx_word' id='word_1_78' title='bbox 2415 1324 2700 1393; x_wconf 86' lang='lat' dir='ltr'>restituit</span> <span class='ocrx_word' id='word_1_79' title='bbox 2713 1376 2744 1410; x_wconf 87' lang='lat'><strong><em>,</em></strong></span> 
     </span>
     <span class='ocr_line' id='line_1_11' title="bbox 719 1431 2744 1536; baseline -0.003 -23"><span class='ocrx_word' id='word_1_80' title='bbox 719 1441 976 1536; x_wconf 79' lang='lat' dir='ltr'>redegit</span> <span class='ocrx_word' id='word_1_81' title='bbox 1009 1439 1080 1507; x_wconf 90' lang='lat' dir='ltr'>in</span> <span class='ocrx_word' id='word_1_82' title='bbox 1118 1434 1417 1505; x_wconf 83' lang='lat' dir='ltr'>ordinem</span> <span class='ocrx_word' id='word_1_83' title='bbox 1454 1433 1631 1501; x_wconf 88' lang='lat' dir='ltr'>male</span> <span class='ocrx_word' id='word_1_84' title='bbox 1669 1453 1838 1501; x_wconf 83' lang='lat' dir='ltr'>nexa</span> <span class='ocrx_word' id='word_1_85' title='bbox 1865 1484 1881 1500; x_wconf 94' lang='lat'>.</span> <span class='ocrx_word' id='word_1_86' title='bbox 1905 1431 2144 1502; x_wconf 88' lang='lat' dir='ltr'>Paucis</span> <span class='ocrx_word' id='word_1_87' title='bbox 2171 1460 2190 1500; x_wconf 70' lang='grc' dir='ltr'>ι</span> <span class='ocrx_word' id='word_1_88' title='bbox 2217 1432 2293 1501; x_wconf 89' lang='lat' dir='ltr'>in</span> <span class='ocrx_word' id='word_1_89' title='bbox 2316 1432 2442 1505; x_wconf 85' lang='lat' dir='ltr'>hoc</span> <span class='ocrx_word' id='word_1_90' title='bbox 2475 1460 2601 1505; x_wconf 91' lang='lat' dir='ltr'>non</span> <span class='ocrx_word' id='word_1_91' title='bbox 2631 1461 2744 1528; x_wconf 87' lang='lat' dir='ltr'>pe-</span> 
     </span>
     <span class='ocr_line' id='line_1_12' title="bbox 723 1542 2744 1646; baseline -0 -23"><span class='ocrx_word' id='word_1_92' title='bbox 723 1552 937 1646; x_wconf 84' lang='lat' dir='ltr'>percit</span> <span class='ocrx_word' id='word_1_93' title='bbox 988 1571 1264 1642; x_wconf 86' lang='lat' dir='ltr'>operae,</span> <span class='ocrx_word' id='word_1_94' title='bbox 1303 1570 1435 1617; x_wconf 89' lang='lat' dir='ltr'>non</span> <span class='ocrx_word' id='word_1_95' title='bbox 1492 1544 1701 1615; x_wconf 86' lang='lat' dir='ltr'>labori</span> <span class='ocrx_word' id='word_1_96' title='bbox 1721 1598 1740 1613; x_wconf 92' lang='lat'><strong>.</strong></span> <span class='ocrx_word' id='word_1_97' title='bbox 1801 1542 2041 1615; x_wconf 79' lang='lat' dir='ltr'>Telum</span> <span class='ocrx_word' id='word_1_98' title='bbox 2055 1599 2088 1632; x_wconf 77' lang='grc'><strong><em>,</em></strong></span> <span class='ocrx_word' id='word_1_99' title='bbox 2139 1546 2394 1637; x_wconf 86' lang='lat' dir='ltr'>inquit,</span> <span class='ocrx_word' id='word_1_100' title='bbox 2455 1548 2744 1621; x_wconf 77' lang='lat' dir='ltr'>teximus</span> 
     </span>
     <span class='ocr_line' id='line_1_13' title="bbox 724 1657 2745 1752; baseline -0.001 -18"><span class='ocrx_word' id='word_1_101' title='bbox 724 1675 796 1745; x_wconf 79' lang='lat' dir='ltr'>et</span> <span class='ocrx_word' id='word_1_102' title='bbox 830 1661 1193 1733; x_wconf 76' lang='lat' dir='ltr'>reteximus</span> <span class='ocrx_word' id='word_1_103' title='bbox 1214 1714 1237 1747; x_wconf 88' lang='lat'><strong><em>,</em></strong></span> <span class='ocrx_word' id='word_1_104' title='bbox 1275 1657 1465 1749; x_wconf 83' lang='lat' dir='ltr'>quasi</span> <span class='ocrx_word' id='word_1_105' title='bbox 1500 1658 1718 1728; x_wconf 67' lang='lat' dir='ltr'>itt-etm-</span> <span class='ocrx_word' id='word_1_106' title='bbox 1753 1658 2120 1752; x_wconf 80' lang='lat' dir='ltr'>Penelopes</span> <span class='ocrx_word' id='word_1_107' title='bbox 2133 1712 2158 1745; x_wconf 85' lang='lat'><strong><em>,</em></strong></span> <span class='ocrx_word' id='word_1_108' title='bbox 2195 1658 2405 1729; x_wconf 82' lang='lat' dir='ltr'>donec</span> <span class='ocrx_word' id='word_1_109' title='bbox 2443 1662 2745 1733; x_wconf 83' lang='lat' dir='ltr'>tamdem</span> 
     </span>
     <span class='ocr_line' id='line_1_14' title="bbox 718 1768 2738 1864; baseline -0.002 -19"><span class='ocrx_word' id='word_1_110' title='bbox 718 1775 1127 1864; x_wconf 79' lang='lat' dir='ltr'>confecimus</span> <span class='ocrx_word' id='word_1_111' title='bbox 1142 1826 1163 1859; x_wconf 95' lang='lat'>‚</span> <span class='ocrx_word' id='word_1_112' title='bbox 1186 1770 1427 1863; x_wconf 81' lang='lat' dir='ltr'>facem</span> <span class='ocrx_word' id='word_1_113' title='bbox 1460 1781 1689 1841; x_wconf 82' lang='lat' dir='ltr'>tamen</span> <span class='ocrx_word' id='word_1_114' title='bbox 1723 1768 1970 1863; x_wconf 81' lang='lat' dir='ltr'>ubique</span> <span class='ocrx_word' id='word_1_115' title='bbox 2001 1770 2532 1864; x_wconf 78' lang='lat' dir='ltr'>praeferentibus</span> <span class='ocrx_word' id='word_1_116' title='bbox 2575 1772 2738 1841; x_wconf 79' lang='lat' dir='ltr'>vitis</span> 
     </span>
     <span class='ocr_line' id='line_1_15' title="bbox 708 1887 2742 1984; baseline -0.001 -23"><span class='ocrx_word' id='word_1_117' title='bbox 708 1889 1156 1981; x_wconf 61' lang='lat' dir='ltr'>antiquitatis</span> <span class='ocrx_word' id='word_1_118' title='bbox 1186 1888 1507 1961; x_wconf 79' lang='lat' dir='ltr'>studiosis</span> <span class='ocrx_word' id='word_1_119' title='bbox 1542 1894 1574 1984; x_wconf 92' lang='lat'>(</span> <span class='ocrx_word' id='word_1_120' title='bbox 1582 1892 1650 1983; x_wconf 82' lang='grc' dir='ltr'>ι)</span> <span class='ocrx_word' id='word_1_121' title='bbox 1666 1939 1693 1961; x_wconf 84' lang='grc'><strong>.</strong></span> <span class='ocrx_word' id='word_1_122' title='bbox 1730 1892 1840 1961; x_wconf 91' lang='lat' dir='ltr'>Ad</span> <span class='ocrx_word' id='word_1_123' title='bbox 1885 1916 2029 1963; x_wconf 86' lang='lat' dir='ltr'>rem</span> <span class='ocrx_word' id='word_1_124' title='bbox 2079 1890 2541 1981; x_wconf 84' lang='lat' dir='ltr'>perficiendam</span> <span class='ocrx_word' id='word_1_125' title='bbox 2593 1887 2742 1959; x_wconf 75' lang='lat' dir='ltr'>fue—</span> 
     </span>
     <span class='ocr_line' id='line_1_16' title="bbox 730 1994 2739 2102; baseline -0.003 -23"><span class='ocrx_word' id='word_1_126' title='bbox 730 2024 884 2079; x_wconf 81' lang='lat' dir='ltr'>runt</span> <span class='ocrx_word' id='word_1_127' title='bbox 912 2008 1017 2077; x_wconf 85' lang='lat' dir='ltr'>ini</span> <span class='ocrx_word' id='word_1_128' title='bbox 1056 2006 1387 2102; x_wconf 79' lang='lat' dir='ltr'>adjutores</span> <span class='ocrx_word' id='word_1_129' title='bbox 1422 2005 1551 2078; x_wconf 87' lang='lat' dir='ltr'>duo</span> <span class='ocrx_word' id='word_1_130' title='bbox 1568 2059 1593 2096; x_wconf 83' lang='lat'><em>‚</em></span> <span class='ocrx_word' id='word_1_131' title='bbox 1631 2008 1959 2080; x_wconf 86' lang='lat' dir='ltr'>Antonius</span> <span class='ocrx_word' id='word_1_132' title='bbox 1993 2006 2354 2079; x_wconf 81' lang='lat' dir='ltr'>Rivautella</span> <span class='ocrx_word' id='word_1_133' title='bbox 2405 2022 2476 2077; x_wconf 89' lang='lat' dir='ltr'>et</span> <span class='ocrx_word' id='word_1_134' title='bbox 2531 1994 2739 2075; x_wconf 84' lang='lat' dir='ltr'>Fran-</span> 
     </span>
     <span class='ocr_line' id='line_1_17' title="bbox 726 2122 2740 2221; baseline -0.002 -24"><span class='ocrx_word' id='word_1_135' title='bbox 726 2126 941 2197; x_wconf 88' lang='lat' dir='ltr'>ciscus</span> <span class='ocrx_word' id='word_1_136' title='bbox 975 2128 1170 2196; x_wconf 88' lang='lat' dir='ltr'>Berta</span> <span class='ocrx_word' id='word_1_137' title='bbox 1206 2126 1335 2198; x_wconf 83' lang='lat' dir='ltr'>viri</span> <span class='ocrx_word' id='word_1_138' title='bbox 1370 2127 1780 2213; x_wconf 85' lang='lat' dir='ltr'>doctissimi,</span> <span class='ocrx_word' id='word_1_139' title='bbox 1833 2144 1904 2198; x_wconf 87' lang='lat' dir='ltr'>et</span> <span class='ocrx_word' id='word_1_140' title='bbox 1955 2126 2250 2221; x_wconf 75' lang='lat' dir='ltr'>eiusdem</span> <span class='ocrx_word' id='word_1_141' title='bbox 2295 2122 2740 2195; x_wconf 78' lang='lat' dir='ltr'>bibliothecae</span> 
     </span>
     <span class='ocr_line' id='line_1_18' title="bbox 720 2246 1313 2337; baseline 0.003 -22"><span class='ocrx_word' id='word_1_142' title='bbox 720 2246 942 2337; x_wconf 73' lang='lat' dir='ltr'>regiae</span> <span class='ocrx_word' id='word_1_143' title='bbox 976 2246 1279 2319; x_wconf 72' lang='lat' dir='ltr'>custodes</span> <span class='ocrx_word' id='word_1_144' title='bbox 1296 2300 1313 2317; x_wconf 89' lang='lat'><strong>.</strong></span> 
     </span>
    </p>

    <p class='ocr_par' dir='ltr' id='par_1_3' title="bbox 725 2342 2758 3614">
     <span class='ocr_line' id='line_1_19' title="bbox 818 2342 2751 2453; baseline -0.001 -23"><span class='ocrx_word' id='word_1_145' title='bbox 818 2363 913 2432; x_wconf 91' lang='lat' dir='ltr'>Ut</span> <span class='ocrx_word' id='word_1_146' title='bbox 946 2376 1171 2431; x_wconf 86' lang='lat' dir='ltr'>autem</span> <span class='ocrx_word' id='word_1_147' title='bbox 1207 2356 1456 2453; x_wconf 70' lang='lat' dir='ltr'>,Ioseph</span> <span class='ocrx_word' id='word_1_148' title='bbox 1493 2358 1729 2453; x_wconf 75' lang='lat' dir='ltr'>pietati</span> <span class='ocrx_word' id='word_1_149' title='bbox 1775 2382 1938 2433; x_wconf 80' lang='lat' dir='ltr'>suae</span> <span class='ocrx_word' id='word_1_150' title='bbox 1969 2357 2420 2448; x_wconf 81' lang='lat' dir='ltr'>satisfaceret,</span> <span class='ocrx_word' id='word_1_151' title='bbox 2475 2342 2751 2451; x_wconf 79' lang='lat' dir='ltr'>eamque</span> 
     </span>
     <span class='ocr_line' id='line_1_20' title="bbox 731 2474 2757 2563; baseline -0 -18"><span class='ocrx_word' id='word_1_152' title='bbox 731 2474 1117 2546; x_wconf 76' lang='lat' dir='ltr'>accenderet</span> <span class='ocrx_word' id='word_1_153' title='bbox 1140 2491 1207 2546; x_wconf 90' lang='lat' dir='ltr'>et</span> <span class='ocrx_word' id='word_1_154' title='bbox 1244 2476 1316 2546; x_wconf 90' lang='lat' dir='ltr'>in</span> <span class='ocrx_word' id='word_1_155' title='bbox 1350 2476 1912 2563; x_wconf 81' lang='lat' dir='ltr'>aliis‚bistoriam</span> <span class='ocrx_word' id='word_1_156' title='bbox 1943 2478 2100 2548; x_wconf 78' lang='lat' dir='ltr'>novi</span> <span class='ocrx_word' id='word_1_157' title='bbox 2119 2476 2536 2550; x_wconf 76' lang='lat' dir='ltr'>Testamenti</span> <span class='ocrx_word' id='word_1_158' title='bbox 2574 2474 2757 2545; x_wconf 85' lang='lat' dir='ltr'>dedit</span> 
     </span>
     <span class='ocr_line' id='line_1_21' title="bbox 726 2586 2756 2684; baseline -0.001 -25"><span class='ocrx_word' id='word_1_159' title='bbox 726 2587 815 2660; x_wconf 87' lang='lat' dir='ltr'>ad</span> <span class='ocrx_word' id='word_1_160' title='bbox 852 2613 1043 2660; x_wconf 84' lang='lat' dir='ltr'>usum</span> <span class='ocrx_word' id='word_1_161' title='bbox 1098 2589 1387 2662; x_wconf 83' lang='lat' dir='ltr'>hominis</span> <span class='ocrx_word' id='word_1_162' title='bbox 1442 2591 1836 2681; x_wconf 77' lang='lat' dir='ltr'>christiani,</span> <span class='ocrx_word' id='word_1_163' title='bbox 1885 2589 2286 2684; x_wconf 82' lang='lat' dir='ltr'>quibusdam</span> <span class='ocrx_word' id='word_1_164' title='bbox 2339 2586 2756 2662; x_wconf 75' lang='lat' dir='ltr'>ammadver-</span> 
     </span>
     <span class='ocr_line' id='line_1_22' title="bbox 725 2701 2754 2799; baseline -0 -24"><span class='ocrx_word' id='word_1_165' title='bbox 725 2705 1023 2777; x_wconf 73' lang='lat' dir='ltr'>sionibus</span> <span class='ocrx_word' id='word_1_166' title='bbox 1060 2707 1445 2778; x_wconf 85' lang='lat' dir='ltr'>instructam</span> <span class='ocrx_word' id='word_1_167' title='bbox 1472 2761 1496 2794; x_wconf 89' lang='lat'>‚</span> <span class='ocrx_word' id='word_1_168' title='bbox 1551 2733 1830 2799; x_wconf 81' lang='lat' dir='ltr'>quarum</span> <span class='ocrx_word' id='word_1_169' title='bbox 1889 2708 2062 2779; x_wconf 86' lang='lat' dir='ltr'>aliae</span> <span class='ocrx_word' id='word_1_170' title='bbox 2112 2707 2470 2781; x_wconf 81' lang='lat' dir='ltr'>historicae</span> <span class='ocrx_word' id='word_1_171' title='bbox 2502 2757 2524 2790; x_wconf 93' lang='lat'>‚</span> <span class='ocrx_word' id='word_1_172' title='bbox 2582 2701 2754 2774; x_wconf 81' lang='lat' dir='ltr'>aliae</span> 
     </span>
     <span class='ocr_line' id='line_1_23' title="bbox 726 2822 2752 2918; baseline -0 -28"><span class='ocrx_word' id='word_1_173' title='bbox 726 2825 1059 2912; x_wconf 87' lang='lat' dir='ltr'>pertinent</span> <span class='ocrx_word' id='word_1_174' title='bbox 1094 2823 1179 2890; x_wconf 85' lang='lat' dir='ltr'>ad</span> <span class='ocrx_word' id='word_1_175' title='bbox 1215 2845 1429 2892; x_wconf 88' lang='lat' dir='ltr'>mores</span> <span class='ocrx_word' id='word_1_176' title='bbox 1450 2873 1467 2892; x_wconf 90' lang='lat'><strong>.</strong></span> <span class='ocrx_word' id='word_1_177' title='bbox 1518 2825 1702 2896; x_wconf 81' lang='lat' dir='ltr'>Haec</span> <span class='ocrx_word' id='word_1_178' title='bbox 1719 2880 1742 2913; x_wconf 89' lang='lat'><strong><em>,</em></strong></span> <span class='ocrx_word' id='word_1_179' title='bbox 1781 2851 1936 2897; x_wconf 90' lang='lat' dir='ltr'>cum</span> <span class='ocrx_word' id='word_1_180' title='bbox 1969 2827 2262 2918; x_wconf 84' lang='lat' dir='ltr'>primum</span> <span class='ocrx_word' id='word_1_181' title='bbox 2297 2822 2576 2916; x_wconf 89' lang='lat' dir='ltr'>prodiit,</span> <span class='ocrx_word' id='word_1_182' title='bbox 2619 2845 2752 2890; x_wconf 90' lang='lat' dir='ltr'>non</span> 
     </span>
     <span class='ocr_line' id='line_1_24' title="bbox 728 2932 2752 3031; baseline 0 -31"><span class='ocrx_word' id='word_1_183' title='bbox 728 2932 1141 3024; x_wconf 82' lang='lat' dir='ltr'>praeferebat</span> <span class='ocrx_word' id='word_1_184' title='bbox 1174 2935 1461 3004; x_wconf 83' lang='lat' dir='ltr'>auctoris</span> <span class='ocrx_word' id='word_1_185' title='bbox 1502 2960 1786 3028; x_wconf 84' lang='lat' dir='ltr'>nomen3</span> <span class='ocrx_word' id='word_1_186' title='bbox 1825 2963 2137 3031; x_wconf 78' lang='lat' dir='ltr'>magnam</span> <span class='ocrx_word' id='word_1_187' title='bbox 2173 2955 2394 3006; x_wconf 87' lang='lat' dir='ltr'>tamen</span> <span class='ocrx_word' id='word_1_188' title='bbox 2422 2935 2508 3004; x_wconf 85' lang='lat' dir='ltr'>ab</span> <span class='ocrx_word' id='word_1_189' title='bbox 2535 2933 2752 3002; x_wconf 88' lang='lat' dir='ltr'>erudi-</span> 
     </span>
     <span class='ocr_line' id='line_1_25' title="bbox 730 3047 2754 3149; baseline 0.002 -33"><span class='ocrx_word' id='word_1_190' title='bbox 730 3047 819 3116; x_wconf 79' lang='lat' dir='ltr'>tis</span> <span class='ocrx_word' id='word_1_191' title='bbox 855 3048 1013 3118; x_wconf 89' lang='lat' dir='ltr'>iniit</span> <span class='ocrx_word' id='word_1_192' title='bbox 1046 3051 1325 3139; x_wconf 78' lang='lat' dir='ltr'>gratiam</span> <span class='ocrx_word' id='word_1_193' title='bbox 1346 3101 1365 3120; x_wconf 88' lang='lat'><strong>.</strong></span> <span class='ocrx_word' id='word_1_194' title='bbox 1401 3053 1727 3126; x_wconf 82' lang='lat' dir='ltr'>Additum</span> <span class='ocrx_word' id='word_1_195' title='bbox 1773 3074 2001 3149; x_wconf 75' lang='lat' dir='ltr'>postea</span> <span class='ocrx_word' id='word_1_196' title='bbox 2047 3079 2319 3128; x_wconf 88' lang='lat' dir='ltr'>nomen.</span> <span class='ocrx_word' id='word_1_197' title='bbox 2365 3055 2538 3122; x_wconf 88' lang='lat' dir='ltr'>Tum</span> <span class='ocrx_word' id='word_1_198' title='bbox 2597 3073 2754 3120; x_wconf 72' lang='lat' dir='ltr'>vero</span> 
     </span>
     <span class='ocr_line' id='line_1_26' title="bbox 727 3164 2758 3262; baseline 0.002 -28"><span class='ocrx_word' id='word_1_199' title='bbox 727 3164 1088 3236; x_wconf 84' lang='lat' dir='ltr'>litterariae</span> <span class='ocrx_word' id='word_1_200' title='bbox 1142 3169 1600 3259; x_wconf 85' lang='lat' dir='ltr'>ephemerides</span> <span class='ocrx_word' id='word_1_201' title='bbox 1635 3175 1947 3248; x_wconf 78' lang='lat' dir='ltr'>venetiis</span> <span class='ocrx_word' id='word_1_202' title='bbox 2003 3173 2220 3246; x_wconf 79' lang='lat' dir='ltr'>editae</span> <span class='ocrx_word' id='word_1_203' title='bbox 2257 3195 2410 3242; x_wconf 88' lang='lat' dir='ltr'>ann.</span> <span class='ocrx_word' id='word_1_204' title='bbox 2467 3167 2638 3262; x_wconf 80' lang='lat'>1751</span> <span class='ocrx_word' id='word_1_205' title='bbox 2679 3165 2758 3236; x_wconf 80' lang='lat' dir='ltr'>in</span> 
     </span>
     <span class='ocr_line' id='line_1_27' title="bbox 730 3278 2756 3380; baseline 0.009 -33"><span class='ocrx_word' id='word_1_206' title='bbox 730 3278 873 3371; x_wconf 84' lang='lat' dir='ltr'>ejus</span> <span class='ocrx_word' id='word_1_207' title='bbox 928 3281 1155 3352; x_wconf 87' lang='lat' dir='ltr'>laudes</span> <span class='ocrx_word' id='word_1_208' title='bbox 1210 3307 1549 3357; x_wconf 83' lang='lat' dir='ltr'>excurrere</span> <span class='ocrx_word' id='word_1_209' title='bbox 1578 3340 1601 3374; x_wconf 92' lang='lat'><strong><em>,</em></strong></span> <span class='ocrx_word' id='word_1_210' title='bbox 1653 3309 1740 3359; x_wconf 85' lang='lat' dir='ltr'>ex</span> <span class='ocrx_word' id='word_1_211' title='bbox 1791 3314 1872 3360; x_wconf 87' lang='lat' dir='ltr'>eo</span> <span class='ocrx_word' id='word_1_212' title='bbox 1927 3289 2282 3380; x_wconf 81' lang='lat' dir='ltr'>praecipue</span> <span class='ocrx_word' id='word_1_213' title='bbox 2303 3339 2328 3372; x_wconf 89' lang='lat'>‚</span> <span class='ocrx_word' id='word_1_214' title='bbox 2363 3282 2540 3376; x_wconf 76' lang='lat' dir='ltr'>quod</span> <span class='ocrx_word' id='word_1_215' title='bbox 2587 3302 2756 3374; x_wconf 66' lang='lat'><strong>&lt;1⁰³0</strong></span> 
     </span>
     <span class='ocr_line' id='line_1_28' title="bbox 728 3398 2754 3498; baseline -0 -32"><span class='ocrx_word' id='word_1_216' title='bbox 728 3399 1217 3491; x_wconf 85' lang='lat' dir='ltr'>praecipiuntur</span> <span class='ocrx_word' id='word_1_217' title='bbox 1251 3404 1324 3474; x_wconf 91' lang='lat' dir='ltr'>in</span> <span class='ocrx_word' id='word_1_218' title='bbox 1360 3401 1722 3498; x_wconf 82' lang='lat' dir='ltr'>Euangelio</span> <span class='ocrx_word' id='word_1_219' title='bbox 1739 3459 1763 3495; x_wconf 89' lang='lat'><em>,</em></span> <span class='ocrx_word' id='word_1_220' title='bbox 1818 3407 2250 3484; x_wconf 71' lang='lat' dir='ltr'>illustraverit</span> <span class='ocrx_word' id='word_1_221' title='bbox 2305 3398 2754 3495; x_wconf 85' lang='lat' dir='ltr'>praeclarissi-</span> 
     </span>
     <span class='ocr_line' id='line_1_29' title="bbox 728 3507 2758 3614; baseline 0.009 -30"><span class='ocrx_word' id='word_1_222' title='bbox 728 3509 862 3586; x_wconf 77' lang='lat' dir='ltr'>mis</span> <span class='ocrx_word' id='word_1_223' title='bbox 898 3511 1110 3586; x_wconf 81' lang='lat' dir='ltr'>divini</span> <span class='ocrx_word' id='word_1_224' title='bbox 1144 3507 1457 3611; x_wconf 77' lang='lat' dir='ltr'>Magistri</span> <span class='ocrx_word' id='word_1_225' title='bbox 1490 3538 1561 3592; x_wconf 91' lang='lat' dir='ltr'>et</span> <span class='ocrx_word' id='word_1_226' title='bbox 1611 3523 2078 3614; x_wconf 76' lang='lat' dir='ltr'>Apostolorum</span> <span class='ocrx_word' id='word_1_227' title='bbox 2135 3515 2462 3611; x_wconf 74' lang='lat' dir='ltr'>exemplis</span> <span class='ocrx_word' id='word_1_228' title='bbox 2477 3543 2502 3606; x_wconf 82' lang='lat'>3</span> <span class='ocrx_word' id='word_1_229' title='bbox 2553 3511 2758 3602; x_wconf 60' lang='lat' dir='ltr'>idqffi</span> 
     </span>
    </p>
   </div>
   <div class='ocr_carea' id='block_1_3' title="bbox 1402 3745 2064 3780">
    <p class='ocr_par' dir='ltr' id='par_1_4' title="bbox 1402 3745 2064 3780">
     <span class='ocr_line' id='line_1_30' title="bbox 1402 3745 2064 3780; baseline 0.002 -3"><span class='ocrx_word' id='word_1_230' title='bbox 1402 3745 1816 3780; x_wconf 61' lang='lat' dir='ltr'>mm</span> <span class='ocrx_word' id='word_1_231' title='bbox 1822 3749 2064 3780; x_wconf 56' lang='lat' dir='ltr'>mmm</span> 
     </span>
    </p>
   </div>
   <div class='ocr_carea' id='block_1_4' title="bbox 824 3851 1708 3972">
    <p class='ocr_par' dir='ltr' id='par_1_5' title="bbox 824 3851 1708 3972">
     <span class='ocr_line' id='line_1_31' title="bbox 824 3851 1708 3972; baseline 0.009 -28"><span class='ocrx_word' id='word_1_232' title='bbox 824 3887 917 3964; x_wconf 75' lang='grc' dir='ltr'>(ι)</span> <span class='ocrx_word' id='word_1_233' title='bbox 950 3889 1015 3947; x_wconf 88' lang='lat' dir='ltr'>In</span> <span class='ocrx_word' id='word_1_234' title='bbox 1053 3885 1291 3972; x_wconf 75' lang='lat' dir='ltr'>praefat.</span> <span class='ocrx_word' id='word_1_235' title='bbox 1330 3887 1408 3952; x_wconf 76' lang='lat' dir='ltr'>ad</span> <span class='ocrx_word' id='word_1_236' title='bbox 1436 3851 1666 3956; x_wconf 72' lang='lat' dir='ltr'>codices</span> <span class='ocrx_word' id='word_1_237' title='bbox 1687 3929 1708 3952; x_wconf 87' lang='grc'><strong>.</strong></span> 
     </span>
    </p>
   </div>
  </div>
 </body>
</html>
