3125 4975
957 380 1238 435 Josroem
1271 380 1631 431 nun-mou
2176 362 2315 433 355

265 497 592 593 pensione
629 510 978 588 perspecta
999 546 1026 581 ,
1061 494 1280 566 eidem
1317 518 1429 565 eas
1485 490 1830 575 excolendi
1869 496 2141 567 veniam
2182 498 2305 569 de·-

271 621 408 705 dit‚
456 620 598 689 hac‘
638 633 864 684 tamen
901 615 1047 705 lege
1071 632 1200 699 ‚ut
1233 638 1352 686 sua
1388 613 1611 685 studia
1647 611 1916 683 referret
1951 617 2177 687 omnia
2214 617 2303 689 ad

274 734 848 829 forense-munus,
885 732 994 803 cui
1031 732 1252 822 ipsum
1291 730 1428 822 jam
1469 746 1609 801 tum
1650 730 2092 833 destinaverat
2115 780 2133 799 .
2168 736 2309 805 Pri..

279 877 464 926 mum
514 853 740 943 itaque
791 851 878 921 ad
935 850 1396 941 perdiscendas
1435 848 1714 919 accessit
1766 829 2307 941 philosophorum

283 968 614 1042 doctrinas
639 1020 662 1053 ,
716 968 788 1039 in
848 990 976 1058 quo
1029 948 1388 1056 plurimum
1443 965 1546 1035 illi
1608 964 1852 1056 profuit
1906 968 2307 1045 domesticus

282 1108 436 1155 usus
483 1102 560 1155 et·
599 1085 1000 1161 consuetudo
1055 1084 1222 1153 inita
1255 1108 1406 1155 cum
1465 1084 1753 1156 Antonio
1790 1084 1875 1157 de
1934 1086 2325 1163 Comitibus‘
2376 1106 2381 1111 ·

283 1198 424 1265 viro
475 1198 996 1271 celebratissimo
1031 1249 1052 1269 .
1111 1199 1280 1269 Mox
1330 1221 1709 1288 graecarum
1762 1198 2127 1272 litterarum
2164 1220 2311 1273 stu-

286 1311 474 1383 dium
531 1313 860 1403 suscepit,
899 1335 1018 1383 seu
1041 1310 1274 1401 'potius
1311 1312 1678 1395 revocavit,
1712 1313 2055 1383 Jacobetto
2102 1314 2267 1385 duce
2284 1368 2313 1402 ,

288 1436 518 1501 earum
557 1430 954 1529 peritissimo
1009 1431 1156 1520 (1)·.
1219 1432 1410 1503 Hunc
1447 1432 1627 1502 euim
1668 1456 1961 1503 amorem
2000 1433 2133 1523 ipsi
2169 1435 2311 1526 jam

288 1559 486 1615 antea
521 1541 856 1615 afflaverat
885 1544 1274 1615 Lazzarinus
1295 1594 1314 1629 ‚
1345 1544 1462 1637 qui
1499 1568 1671 1616 nuuc
1710 1547 2081 1619 decesserat
2102 1602 2119 1619 .

348 1656 474 1727 His
499 1654 706 1727 ferme
725 1658 1135 1747 temporibus
1153 1658 1402 1746 Joseph
1421 1659 1852 1749 Recuperatis
1884 1661 2310 1747 adscribitur,

286 1778 560 1866 quorum
597 1777 958 1851 admodum
1003 1776 1286 1847 illustris
1318 1777 1713 1851 Academia.
1756 1781 1939 1849 Haec
1974 1779 2079 1850 illi
2118 1778 2309 1871 quasi

289 1887 616 1961 theatrum
677 1890 930 1981 patuit,
987 1889 1060 1959 in
1115 1914 1244 1980 quo
1292 1912 1364 1959 se
1427 1914 1504 1961 ac
1551 1914 1703 1975 suas
1760 1914 1920 1981 opes
1970 1892 2313 1982 proderet,

287 2026 442 2094 prae
505 2008 744 2080 ceteris
803 2009 940 2082 vim
996 1998 1326 2099 poeticam
1363 2061 1384 2093 ,
1433 2032 1631 2099 quam
1682 2010 1989 2096 sortitus,
2028 2029 2101 2079 ut
2136 2012 2313 2081 dixi-

288 2142 438 2196 mus
477 2144 515 2191 a
554 2136 824 2205 natura,
863 2122 1308 2193 corroboravit
1335 2122 1705 2199 eruditione
1742 2124 2097 2215 multiplici
2121 2176 2153 2217 ·.
2178 2112 2317 2197 Ubi

293 2247 516 2307 autem
570 2248 840 2309 naturae
888 2236 1172 2307 eximiae
1227 2236 1484 2331 accedit
1521 2238 1689 2305 ratio
1726 2238 2049 2327 quaedam
2080 2289 2100 2321 ,
2156 2261 2321 2306 con-

297 2342 734 2441 formatioque
774 2348 1104 2439 doctrinae
1127 2400 1150 2435 ,
1189 2364 1329 2419 tum
1368 2347 1536 2420 illud
1575 2350 1797 2425 nescio
1835 2350 1995 2438 quid
2034 2350 2323 2441 praecla-

297 2466 448 2536 rum
504 2488 578 2536 ac
616 2464 940 2560 singulare
978 2468 1144 2539 solet
1193 2467 1474 2540 existere
1511 2518 1527 2538 .
1557 2466 1639 2540 Id
1674 2465 2109 2544 obtinendum
2164 2491 2318 2555 pro-

297 2601 604 2672 posuerat
657 2586 786 2658 sibi
841 2587 1220 2662 Bartholus.
1279 2591 1427 2677 Quo
1481 2587 1607 2662 ille,
1655 2604 2029 2677 progressus
2085 2581 2282 2653 fuerit
2298 2635 2323 2670 ,

299 2700 440 2794 ejus
479 2728 676 2795 opera
703 2707 880 2778 clare
915 2706 1407 2792 ostendunt‚de
1443 2705 1683 2796 quibus
1722 2719 1913 2795 post3
1946 2724 2117 2774 nunc
2155 2700 2327 2796 ordif·

298 2841 456 2918 nem
493 2846 710 2894 rerum
747 2849 1023 2918 sequar,
1050 2851 1136 2896 ue
1157 2826 1683 2916 interrumpatur
1717 2823 1992 2894 historia
2014 2874 2031 2894 .

386 2939 480 3006 Ut
499 2936 702 3030 igitur
735 2941 984 3032 ,Ioseph
1017 2941 1488 3014 obsecundaret
1521 2929 1805 3034 imperio
1827 2941 2067 3032 patris,
2088 2938 2173 3008 ad
2214 2934 2329 3028 ju-

302 3046 814 3138 risprudentiam
867 3053 1202 3140 incubuit,
1243 3054 1374 3144 ipsi
1415 3070 1768 3144 praeeunte
1806 3051 2167 3145 professore
2214 3049 2327 3118 do·-

305 3163 598 3240 ctissimo
625 3169 980 3254 malama,
1017 3193 1216 3259 quem
1255 3171 1468 3242 audiit
1505 3172 1709 3241 etiam
1751 3167 2059 3259 privatim
2099 3167 2279 3238 domi
2302 3215 2325 3241 -

305 3274 480 3346 Huic
533 3277 648 3348 ille
687 3280 933 3349 doctori
990 3279 1252 3374 deditus
1307 3282 1529 3352 laurea
1578 3281 1927 3371 insignitus
1986 3275 2113 3348 fuit
2166 3305 2323 3356 ann.

311 3391 520 3482 1736,
539 3394 690 3499 dein
727 3399 797 3466 in
839 3396 1050 3474 forum
1088 3398 1308 3483 venit,
1335 3399 1527 3488 paulo
1567 3415 1753 3487 pust,
1778 3413 2103 3467 annuente
2140 3415 2333 3489 patre

307 3531 392 3578 ex
447 3511 590 3606 ejus
633 3519 909 3606 strepitu
969 3540 1040 3586 se
1077 3517 1391 3607 surripuit
1425 3569 1447 3602 ‚
1494 3517 1869 3610 hujusmodi
1908 3518 2085 3590 vitae
2123 3499 2330 3608 genus

307 3608 592 3721 perosus⁸
606 3632 822 3722 ‚quod
859 3649 1087 3706 natura
1113 3633 1376 3724 penitus
1395 3633 1796 3725 repugnante
1820 3652 2193 3728 susceptum
2228 3631 2333 3702 illi

988 3838 1650 3872 mmmm

387 4004 490 4094 (r)
532 4003 688 4072 Vide
725 4005 848 4087 ejus
890 4006 1067 4068 vitam
1105 4027 1232 4092 pag.
1280 4027 1411 4072 roa·

867 4087 958 4159 25
