3125 4975
1057 373 1378 430 ‚amomi
1417 337 1713 426 sanum
2278 357 2407 451 193
2486 328 2535 364 ⁰·

370 517 514 574 erat
565 499 720 572 hinc
762 499 1044 570 avellere
1075 499 1418 582 hominem
1461 473 1528 568 in
1562 499 1796 577 studiis
1830 498 2127 578 abditum
2154 555 2169 570 .
2210 497 2404 578 Exci.-

345 621 598 721 .piebat
635 609 1040 704 humaniter}
1078 617 1472 708 quicumque
1513 616 1851 686 accederet
1886 618 2184 690 discendi
2206 625 2404 715 cupi-

367 735 494 807 dus
505 759 862 828 ,eumque,
893 733 1004 806 ubi
1045 758 1208 826 opus
1248 751 1459 818 esset,
1498 733 1769 832 juvabat
1804 757 2038 826 opera,
2080 739 2397 829 consilio,

361 851 598 924 libris.
639 853 926 926 Arcebat
954 869 1173 924 aute·
1213 853 1536 946 quidquid
1572 851 1991 944 interpellare
2028 875 2100 922 se
2138 875 2391 944 posset.

361 975 526 1042 Erat
564 971 744 1041 enim
779 971 850 1040 in
885 971 1003 1041 illo
1038 951 1336 1041 comitati
1366 969 1715 1068 conjuncta
1746 973 2030 1063 gravitas
2052 1025 2068 1039 .
2106 973 2213 1041 Ne
2250 998 2395 1064 par.

360 1085 627 1162 ticulam
655 1085 924 1178 quidem
963 1084 1278 1176 temporis
1307 1083 1569 1154 sinebat
1590 1083 1917 1158 inutiliter
1952 1083 2081 1156 sibi
2107 1087 2389 1178 surripi.

459 1199 742 1278 Veteres
795 1198 1036 1270 latinos
1095 1211 1390 1264 auctores
1449 1195 1703 1264 studuit
1763 1195 2111 1268 scribendo
2166 1203 2397 1292 expri-

365 1335 594 1402 mere3
647 1313 822 1383 nihil
877 1329 1100 1382 tamen
1158 1312 1290 1380 sibi
1345 1313 1416 1380 in
1475 1313 1599 1380 hoc
1638 1313 2016 1403 arrogabat,
2053 1337 2265 1407 neque
2324 1318 2395 1387 in

363 1431 516 1499 aliis
527 1457 545 1508 ς
585 1431 794 1500 immo
827 1449 1084 1513 severos
1121 1427 1508 1523 exquirebat
1547 1427 1841 1515 criticos,
1878 1429 2109 1500 horum
2148 1433 2397 1526 judicio

365 1561 580 1618 certus
639 1543 992 1616 emendare
1031 1569 1328 1638 quaeque
1365 1599 1386 1630 ‚
1423 1546 1528 1615 vel
1570 1545 1799 1619 tollere
1820 1598 1835 1616 .
1884 1545 2055 1638 Opto
2064 1600 2087 1634 ,
2134 1549 2392 1652 inquit,

365 1657 683 1752 redargui
708 1684 817 1730 me
830 1713 852 1746 ,
886 1669 956 1729 et
987 1660 1178 1752 cupio
1201 1657 1428 1748 refelli
1456 1663 1486 1754 (
1498 1661 1562 1752 ι)
1578 1712 1595 1730 .

453 1778 647 1862 Nihil
682 1776 850 1847 ferre
889 1791 1181 1868 poterat,
1216 1777 1388 1868 quod
1427 1793 1711 1848 verteret
1746 1777 1817 1848 in
1853 1779 2119 1852 laudem
2158 1782 2299 1852 sni:
2330 1783 2387 1852 si

357 1893 514 1984 quid
551 1888 928 1990 hujusmodi
967 1889 1263 1973 audiret,
1292 1885 1793 1962 suffundebatur
1812 1893 2058 1984 pudore
2078 1947 2101 1981 ,
2123 1915 2245 1963 nee
2278 1919 2393 1986 pa..

355 1993 640 2076 tiebatur
674 2025 864 2085 eum,
903 2001 1202 2094 quisquis
1234 2017 1448 2086 esset,
1485 2001 1759 2072 ulterius
1783 2005 2127 2098 progredi,
2160 2009 2391 2076 statim

353 2121 652 2216 ejusdem
706 2119 908 2190 verba
961 2119 1388 2210 intercipiens
1414 2171 1432 2188 .
1493 2121 1787 2206 Verum,
1834 2123 1993 2213 quin
2044 2123 2188 2214 ipse
2240 2125 2389 2196 aui.-

355 2237 828 2318 madverteret‚
876 2235 1157 2324 augebat
1191 2236 1455 2308 laudem
1503 2237 1651 2328 ipso
1685 2255 2067 2331 contemptu
2122 2241 2337 2314 laudis
2362 2293 2386 2314 .

355 2352 712 2428 Enimvero
751 2349 960 2418 evasit
995 2349 1525 2436 laudatissimus,
1561 2376 1695 2422 non
1730 2354 1817 2422 ob
1854 2355 2181 2427 eximiam-
2232 2376 2381 2428 tan..

356 2487 497 2539 tum
553 2463 1038 2539 ecclesiasticae
1093 2464 1408 2539 historiae
1461 2468 1811 2541 scientiam
1843 2524 1866 2558 ,
1913 2473 2033 2545 sed
2084 2473 2169 2542 ob
2222 2476 2383 2547 insi-

356 2611 551 2681 gnem
605 2583 996 2679 praesertim
1049 2582 1221 2654 hanc
1273 2584 1357 2655 de
1420 2608 1494 2655 se
1557 2584 1886 2656 sentiendi
1940 2586 2333 2661 modestiam
2357 2648 2383 2681 ,

357 2724 556 2791 quam
613 2694 1024 2791 praeferebat
1069 2696 1250 2767 cultu
1303 2698 1631 2789 corporis,
1686 2700 1971 2791 scripte,
2028 2724 2329 2772 sermone
2356 2756 2379 2789 ,

355 2811 574 2898 vultu3
612 2834 652 2879 a
685 2808 858 2878 notis
917 2826 1260 2899 propterea
1311 2822 1382 2880 et
1435 2809 1715 2899 ignotis,
1753 2834 1794 2879 a
1830 2812 1969 2881 suis
2020 2828 2090 2881 et
2134 2816 2379 2892 exteris

355 2926 578 3019 magni
625 2923 869 2998 factus.
927 2924 1168 3011 Audivi
1219 2941 1482 3017 egomet
1525 2920 1781 3017 jamdiu
1834 2928 2120 3013 narrari,
2178 2952 2381 3020 quos-

353 3044 548 3128 dam,
603 3042 715 3134 qui
750 3044 1094 3129 Patavium
1133 3060 1448 3115 venerant
1482 3066 1567 3127 ex
1603 3044 1911 3128 Polonia,
1936 3044 2019 3115 de
2056 3070 2134 3115 eo
2174 3071 2381 3135 quae-

357 3157 590 3225 sivisse
643 3156 857 3225 studio
909 3154 1176 3227 videndi
1231 3154 1504 3263 ipsum:
1545 3142 1624 3233 eu
1682 3181 1881 3261 usque
1929 3156 2203 3233 Sandini
2253 3183 2373 3236 no-

359 3290 510 3343 men
551 3267 970 3357 pervenerat}
1693 3343 1700 3352 ‚

445 3362 636 3453 Idem
677 3384 921 3453 electus
958 3384 1041 3454 ad
1098 3384 1521 3475 patriciorum
1570 3384 2057 3455 adolescentum
2102 3388 2373 3461 institu-

350 3499 638 3586 tionem,
691 3488 931 3568 iisdem
979 3498 1252 3570 tradidit
1296 3500 1634 3571 Ecclesiae
1673 3500 2012 3573 historiam
2050 3554 2066 3573 .
2108 3506 2359 3587 Horum

351 3642 517 3717 unus
569 3620 820 3706 Romae
873 3617 1148 3703 emicuit
1206 3642 1476 3699 romana
1531 3641 1817 3724 purpura
1853 3621 1883 3707 (
1888 3620 1999 3712 2),
2054 3622 2363 3705 Venetiis

1023 3780 1683 3822 mmmm-mmmm

427 3880 528 3961 (ι)
571 3880 638 3939 In
678 3878 846 3962 epist.
886 3876 962 3948 ad
995 3878 1264 3943 lectorem
1303 3881 1613 3965 praemissa
1654 3880 1789 3945 hist.
1830 3882 2101 3945 Familiae
2122 3904 2315 3948 saetae
2332 3924 2357 3955 0

425 3989 525 4071 (α)
569 3986 810 4053 Carolus
852 3988 1178 4145 Cagdiualis
1201 3990 1573 4086 ¹Rezzouicus
1623 3988 1917 4065 Pontificis
1950 4008 2127 4077 nepos
2150 4033 2171 4059 .

898 4093 932 4145 ⁸
