3125 4975
745 376 797 427 Χ

744 494 831 563 ad
872 492 1309 564 instituendae
1359 488 1716 584 juventutis
1753 488 2040 561 officium
2087 490 2172 579 ‘in
2237 492 2476 565 litteris
2527 520 2766 576 ,amoe-

739 610 1033 681 nioribus
1070 608 1357 701 sapienti
1414 610 1899 680 moderatorum
1937 610 2210 681 consilio
2249 612 2578 683 traductus
2633 610 2765 685 fue·

739 730 865 815 rit,
902 745 970 798 et
1007 731 1089 800 in
1134 746 1627 822 praeceptorum
1667 752 2010 799 numerum
2047 748 2386 823 cooptatus
2411 786 2427 803 .
2481 732 2761 826 Sapien-

738 847 788 916 ti
811 899 831 930 ,
872 846 1179 938 inquam,
1219 848 1543 935 eonsilio;
1585 847 1710 918 fuit
1746 848 1924 918 enim
1963 874 2202 920 munus
2239 850 2400 921 illud
2425 904 2444 935 ,
2499 850 2759 921 audito-

736 978 842 1027 res
866 1012 886 1043 ‚
924 957 1203 1029 illustris
1242 960 1716 1052 propemodum
1759 960 2084 1051 palaestra
2112 1016 2133 1048 ,
2169 962 2238 1032 in
2279 988 2406 1053 qua
2443 960 2584 1057 eius
2623 964 2759 1033 vir-

744 1088 849 1140 tus
888 1088 954 1142 et
991 1072 1327 1164 ingenium
1386 1072 1780 1143 mirabiliter
1821 1072 2028 1145 eluxit
2082 1100 2210 1145 non
2267 1076 2410 1167 plus
2465 1076 2764 1149 doctrina

736 1207 809 1258 et
842 1189 1207 1261 eruditione
1230 1243 1248 1271 ,
1286 1214 1483 1281 quam
1511 1191 1686 1275 vitae
1710 1190 2024 1282 gravitate
2049 1244 2072 1279 ,
2097 1208 2292 1283 atque
2331 1194 2493 1263 adeo
2549 1192 2759 1283 digni·

738 1315 875 1371 tate
908 1302 1249 1395 discipulis
1287 1304 1369 1373 ad
1402 1303 1782 1393 exemplum
1821 1306 2150 1395 proposita
2171 1359 2189 1390 ,
2214 1331 2366 1377 cura
2395 1323 2463 1375 et
2490 1306 2764 1397 vigilan·

738 1416 834 1487 tia
872 1418 1037 1488 adeo
1075 1420 1207 1489 acri
1266 1436 1335 1489 et
1370 1418 1676 1505 assidua,
1713 1437 1786 1490 ut
1823 1420 2173 1512 aliquando
2211 1425 2414 1493 etiam
2473 1422 2761 1492 severior

735 1532 1067 1602 videretur
1100 1588 1117 1617 ,
1158 1557 1277 1603 usu
1316 1532 1590 1603 docendi
1635 1533 2017 1623 quotidiano
2047 1588 2068 1619 ,
2106 1560 2182 1603 ac
2221 1538 2608 1626 praesertim
2649 1537 2756 1605 in·

739 1653 1175 1741 terpretandis
1214 1652 1545 1721 veteribus
1587 1652 1848 1721 dicendi
1887 1652 2222 1742 magistris
2246 1706 2264 1737 ,
2333 1677 2419 1722 ex
2479 1678 2757 1743 quorum

734 1769 1207 1837 consuetudine
1244 1769 1489 1837 sensim
1524 1770 1744 1839 hausit
1781 1768 2050 1859 spiritus
2091 1792 2393 1837 romanos
2414 1819 2434 1850 ,
2468 1784 2537 1836 et
2567 1768 2758 1839 illam

736 1881 1089 1971 praecipue
1129 1878 1555 1965 facilitatem,
1595 1906 1764 1971 qua,
1802 1880 2124 1971 quidquid
2161 1896 2386 1951 mente
2438 1902 2759 1972 concepe-

736 1984 873 2080 rat',
922 2012 1223 2086 prompte
1261 2010 1329 2063 et
1368 1994 1677 2085 expedite
1717 1994 2011 2063 versibus
2049 1992 2462 2085 explicabat,
2503 2018 2764 2086 prorsus

736 2128 811 2181 nt
848 2110 1045 2180 verba
1084 2124 1545 2203 sequerentur,
1585 2124 1652 2177 et
1691 2124 1922 2197 sponte
1961 2108 2234 2177 fluerent
2259 2160 2275 2177 .

831 2226 956 2295 His
994 2222 1576 2294 exercitationibus
1614 2244 1816 2312 prope
1872 2222 2004 2295 alta
2053 2236 2248 2311 atque
2303 2237 2530 2307 aucta,
2569 2220 2756 2293 hisce

725 2344 973 2417 ‘studiis
1008 2343 1271 2413 exculta
1336 2342 1628 2411 tamdem
1669 2342 1916 2431 erigere
1953 2360 2024 2408 se
2063 2363 2137 2407 se
2179 2338 2442 2407 virtutis
2479 2330 2547 2407 et
2583 2338 2762 2430 inge·

742 2461 837 2532 nii
894 2462 1069 2532 socia
1121 2464 1257 2532 imo
1319 2461 1584 2534 alumna
1643 2452 1863 2550 poesis
1919 2456 2397 2548 pulcherrima3
2463 2458 2768 2547 grandior

736 2579 805 2651 in
848 2581 989 2652 dies
1026 2603 1359 2672 assurgere
1384 2633 1401 2662 ,
1442 2603 1526 2650 ex
1548 2577 1888 2647 umbratili
1914 2575 2292 2644 academiae
2331 2574 2485 2643 ludo
2507 2577 2536 2665 (
2557 2599 2755 2666 quam

725 2699 1029 2770 achalam
1082 2715 1219 2768 tum
1260 2699 1377 2766 ille
1416 2696 1838 2787 profitebatur
1862 2695 1967 2782 (1)
2011 2693 2037 2778 )
2079 2707 2416 2780 tamquam
2457 2715 2494 2760 e
2535 2693 2755 2763 taber-

738 2817 991 2886 naculis
1030 2816 1099 2884 in
1140 2817 1349 2884 aciem
1398 2814 1745 2903 lucemque
1785 2809 2165 2902 procedere,
2204 2825 2426 2878 tenere
2483 2826 2759 2901 quotan-

744 2935 851 3002 nis
890 2931 1280 3002 suavissimo
1319 2949 1678 3014 concentu,
1716 2947 1788 2999 ut
1827 2953 1969 2998 mos
2007 2944 2110 2997 est
2159 2926 2354 3018 hujus
2393 2927 2517 2998 loci
2562 2981 2582 3012 ,
2635 2927 2758 2995 do-

742 3063 881 3116 ctas
932 3057 1121 3115 aures
1168 3043 1459 3118 eruditae
1512 3043 1838 3130 civitatis,
1877 3069 2006 3136 qna
2045 3041 2412 3112 auditorum
2453 3041 2750 3133 frequen·

748 3164 839 3236 tia
878 3165 893 3232 !
954 3187 1151 3258 quam
1180 3163 1463 3256 -ingenti
1518 3181 1586 3234 et
1623 3189 1820 3256 quam
1861 3162 2147 3233 secunda
2201 3162 2754 3232 admurmuratio-

1418 3359 2078 3388 mmmm„

738 3463 987 3524 lauream
1036 3460 1407 3544 theologicam
1438 3465 1777 3545 promeruit,
1811 3465 1874 3524 in
1920 3461 2328 3546 amplissimum
2363 3461 2612 3522 virorum
2663 3455 2764 3518 do-

740 3573 958 3628 ctorum
998 3585 1220 3626 sacrum
1262 3564 1585 3642 Collegium
1613 3580 1874 3647 receptus
1904 3609 1918 3628 .

825 3667 921 3745 (r)
967 3664 1066 3726 Ad
1106 3664 1251 3725 hane
1288 3665 1543 3726 scholam
1566 3711 1585 3742 ,
1607 3687 1751 3746 quae
1789 3666 2026 3726 aliarum
2061 3663 2452 3726 humaniorum
2487 3657 2752 3740 princeps

744 3782 863 3842 est,
926 3765 1205 3848 gradatim
1264 3781 1554 3848 promotus
1606 3768 1715 3828 fuit
1764 3789 1898 3828 ann.
1943 3769 2112 3850 1767.
2169 3763 2410 3830 scholae
2447 3757 2614 3838 huius
2667 3775 2757 3822 est

742 3871 1183 3933 adolescentium
1226 3870 1515 3950 ingenium
1558 3890 1626 3930 ac
1681 3867 1954 3949 judicium
1997 3889 2236 3936 acuere,
2275 3879 2442 3944 atque
2481 3861 2754 3944 perficere

745 3989 819 4039 m
842 3973 917 4035 iis
936 4017 957 4048 ,
990 3993 1133 4055 quae
1172 3969 1247 4034 ad
1284 3972 1657 4034 litteraturam
1693 3971 1978 4056 pertinent
2002 4017 2016 4034 .
2044 3969 2188 4036 vid.
2227 3979 2424 4029 annot.
2453 3987 2583 4052 pag.
2623 3987 2644 4027 ι
2663 3963 2758 4034 16.
