3125 4975
703 319 776 365 w

721 446 836 515 ita
889 464 1016 515 res
1054 452 1211 525 est,
1264 458 1711 527 φανεῖσι-,ηε
1751 439 1923 543 quis
1974 435 2152 515 mihi
2192 442 2529 541 graviter
2580 468 2749 520 suc·

725 562 1086 629 censeat,
1139 548 1396 670 quod,-
1431 574 1605 621 cum
1656 547 1875 621 Vitas
1926 572 2190 653 omnes
2242 566 2399 621 tum
2454 550 2757 632 editas,

727 671 883 725 tum
935 652 1268 723 ineditas
1325 656 1643 727 virorum
1700 646 2101 752 insignium
2159 654 2569 728 Seminarii
2608 681 2755 751 pa·

727 760 968 831 tavini
1005 781 1056 827 a
1097 756 1405 829 Joanne
1451 758 1805 856 Baptista
1856 760 2201 833 Ferraria
2238 762 2751 857 pulcherrime

729 867 1113 955 scriptas,
1163 875 1548 962 tamquam
1634 856 2136 938 nobilissimas
2185 870 2551 965 imagines
2578 920 2603 951 ,
2672 871 2757 939 in

727 970 982 1040 lucem
1027 968 1400 1078 proferre
1417 969 1715 1070 jubear
1766 984 1927 1047 una
1982 994 2154 1044 cum
2205 972 2597 1069 Opusculo
2655 972 2759 1043 de

731 1074 1107 1196 singulari
1160 1074 1248 1145 B
1311 1072 1663 1172 Geegor‘ii
1740 1076 2159 1151 Barbaclici
2228 1080 2478 1150 studio
2548 1092 2630 1151 et
2680 1101 2759 1147 a·

734 1206 942 1255 more
997 1184 1078 1251 in
1133 1180 1642 1270 Seminarium
1712 1186 2213 1290 patavinum,
2265 1185 2596 1257 audeam
2650 1196 2761 1255 te·

734 1306 938 1359 mere
991 1288 1228 1383 ipsius
1265 1290 1625 1361 -auctoris
1663 1282 1975 1385 effigiem
2016 1288 2529 1372 adumbrare,
2566 1312 2766 1361 eam-

736 1404 933 1495 que,
989 1416 1264 1463 novum
1321 1388 1530 1465 velut
1583 1396 1926 1493 signum,
1980 1396 2309 1467 aliarum
2361 1400 2443 1467 in
2512 1418 2767 1467 nume·

739 1523 902 1572 rum
961 1494 1290 1591 refiert-e.
1353 1498 1569 1599 Quid
1621 1503 1821 1571 enim
1874 1502 2078 1570 inter
2124 1502 2542 1592 praeclara
2612 1525 2761 1572 mo·

738 1621 1108 1677 'tumenta
1167 1606 1464 1700 vulgari
1517 1628 1611 1675 ac
1666 1605 1840 1675 rudi
1913 1604 2317 1677 simulacro
2374 1606 2530 1675 loci
2597 1626 2766 1678 esse

733 1724 996 1807 potest
1049 1709 1084 1777 Ρ
1173 1711 1329 1779 Aut
1406 1712 1577 1805 quis
1631 1732 1801 1779 eum
1871 1708 2169 1803 gloriae
2228 1709 2766 1780 commendare

745 1812 962 1888 velit,
1003 1814 1133 1911 qui
1183 1818 1260 1881 in
1316 1814 1494 1883 aliis
1550 1813 2173 1883 commendandis
2220 1817 2607 1906 propriam
2664 1815 2769 1882 in-

729 1920 945 2017 genii
988 1916 1308 2013 gloriam
1361 1930 1480 2007 est
1517 1918 2050 1989 consecutus?
2097 1915 2581 2016 Quamquam
2630 1917 2773 1988 hoc

743 2025 920 2095 mihi
971 2025 1418 2103 temeritati,
1464 2021 1595 2093 ecl
1646 2020 2035 2121 audaciae
2098 2024 2393 2097 minime
2448 2020 2777 2092 tribuen-

745 2130 928 2202 dum
958 2181 974 2196 .
1019 2126 1198 2199 Non
1238 2132 1438 2199 enim
1477 2125 1568 2196 ici
1590 2122 1766 2226 feci
1801 2150 1933 2220 spe
1973 2127 2252 2200 ductus
2296 2126 2568 2227 aliqua
2604 2128 2774 2198 lau-

751 2234 910 2317 dis,
949 2255 1179 2331 quam
1237 2256 1530 2304 omnem
1592 2232 1769 2301 mihi
1801 2234 2229 2328 praeripuit
2284 2235 2399 2305 vir
2450 2232 2781 2305 clarissi-

753 2364 970 2420 mus,
1008 2335 1152 2411 sed
1206 2340 1414 2439 quod
1465 2341 1548 2411 in
1608 2360 1771 2409 meo
1821 2352 2141 2433 pectore
2190 2338 2601 2432 plurimum
2662 2360 2785 2408 va·

749 2446 862 2520 let
915 2446 1078 2544 ejus
1131 2448 1558 2532 memoria;
1598 2458 1846 2544 neque
1888 2444 2059 2518 mea
2084 2458 2414 2538 sponte,
2451 2444 2593 2515 sed
2648 2456 2783 2519 tua

759 2553 1156 2626 voluntate
1199 2565 1275 2619 et
1311 2549 1683 2634 consilio,
1722 2546 2153 2648 Maecenas
2190 2551 2789 2640 sapientissime,

756 2660 893 2758 qui
957 2658 1242 2728 honori
1301 2658 1777 2749 prospiciens
1831 2647 2052 2754 hujus
2140 2650 2545 2732 domicilii,
2599 2651 2791 2722 nihil

757 2765 997 2858 magis
1048 2775 1320 2852 optas,
1375 2781 1602 2857 quam
1660 2770 1746 2825 ut
1796 2770 2095 2828 tuorum
2152 2757 2423 2826 merita
2478 2779 2573 2827 ao
2650 2759 2794 2826 vir-

757 2877 960 2936 tutes
1037 2868 1532 2936 innotescant
1576 2913 1601 2944 ,
1656 2875 1735 2932 et
1792 2862 1999 2960 justo
2052 2864 2475 2959 praeconio
2558 2885 2790 2933 exor-

727 2984 1080 3042 ·nentur.
1161 2966 1234 3034 F
1238 2990 1381 3036 ave
1459 2969 1689 3068 igitur·
1756 2971 1975 3070 operi
2019 3018 2042 3049 ,
2114 2969 2241 3038 cui
2297 2965 2780 3062 perficiundo

759 3075 1117 3168 auspicia
1184 3071 1502 3162 dedisti3
1566 3071 1935 3167 adspice,
1988 3069 2203 3144 brevi
2252 3088 2637 3172 tamquam
2706 3075 2790 3143 in

763 3179 928 3252 tela
959 3223 982 3260 ,
1047 3180 1426 3250 hominem
1497 3181 1933 3275 egregium,
2008 3199 2229 3278 quem
2298 3180 2795 3250 circumstant

764 3285 1231 3378 amplissima
1285 3285 1646 3366 nomina,
1684 3297 1763 3355 et
1815 3287 2041 3382 quasi
2094 3282 2343 3353 vultus
2393 3281 2795 3358 illustrium

761 3394 1177 3490 maj0rum3
1233 3391 1437 3461 hunc
1526 3387 1689 3470 Tu,
1735 3392 2230 3484 peritissimus
2282 3391 2525 3461 omnis
2594 3403 2793 3462 vetu-

677 3489 686 3496 ’
763 3499 1036 3581 statis}
1085 3499 1374 3570 sustine
1452 3495 1917 3572 auctoritate
1973 3509 2155 3575 tua,
2204 3509 2287 3566 et
2338 3497 2793 3589 etiam-gra-

703 3619 707 3624 ·
771 3605 883 3676 tia
903 3624 1100 3691 ;ac,
1137 3603 1499 3693 siparum
1554 3599 1870 3698 elegans
1906 3615 1988 3673 et
2038 3597 2403 3674 excultus
2454 3596 2589 3670 tibi
2624 3618 2794 3691 spe-

771 3706 1110 3782 amadus
1159 3703 1718 3808 obficitur,fac
1774 3731 1945 3780 eum
1998 3730 2116 3779 ex
2168 3706 2489 3779 aliorum
2537 3704 2794 3797 potius

665 3873 674 3886 .
767 3816 1104 3908 imagine
1171 3829 1254 3885 et
1307 3810 1773 3910 insignibus,
1828 3834 2055 3914 quam
2092 3835 2209 3886 ex
2260 3814 2421 3908 ipso
2464 3808 2626 3910 eJ‘us
2662 3827 2795 3882 ore

747 3916 1194 4020 ,habituque
1249 3927 1705 4016 cognoscas·
