3125 4975
1449 378 1462 391 .
2296 318 2385 394 ι7

337 422 559 499 Facile
595 418 672 492 id
709 415 1074 513 perspiciet
1126 408 1524 509 quicumque
1559 416 1924 515 intelliget,
1960 446 2158 517 quem
2200 444 2367 502 tam-

342 546 498 616 dem
539 538 674 631 ipsi
719 552 1022 605 tenerent
1061 535 1236 605 vitae
1275 560 1571 605 cursum.
1610 536 1767 608 Sola
1804 540 2013 631 ipsius
2050 547 2379 632 expositio

337 656 598 751 prolixa
659 650 956 721 laudatio
1009 664 1144 718 est.
1203 650 1300 733 Ut
1351 647 1424 719 id
1477 664 1880 739 praestemus
1898 705 1921 738 ,
1966 656 2377 753 versabimur

337 776 408 845 in
451 772 656 842 rebus
693 767 970 859 singulis
1008 783 1078 836 et
1114 765 1428 835 minutis:
1463 790 1675 858 neque
1712 791 1830 837 nos
1854 770 2145 863 pigebit3
2174 773 2245 841 in
2269 775 2377 849 his

339 890 529 963 enim
567 886 762 958 facile
794 903 1026 957 natura
1063 906 1134 954 se
1173 884 1422 975 prodit.
1477 889 1581 954 Ex
1636 886 1910 979 singulis
1948 907 2168 959 autem
2220 916 2377 963 coa..

339 1002 540 1073 lescit
576 998 892 1083 historia,
931 1013 1002 1069 et
1041 998 1210 1067 hanc
1229 1048 1253 1082 ,
1309 1018 1478 1087 quae
1531 997 1789 1068 minuta
1823 1017 1975 1071 sunt
1995 1054 2017 1087 ,
2056 1003 2371 1095 probabi-

341 1112 480 1185 lem
521 1112 735 1205 magis
771 1111 1087 1183 reddunt.
1124 1108 1256 1180 Sed
1295 1131 1436 1177 rem
1475 1107 1811 1183 ordiamur
1836 1164 1855 1179 .

435 1232 691 1301 Omnes
729 1230 958 1320 itaque
992 1226 1168 1295 bene
1220 1248 1416 1295 mane
1471 1248 1735 1317 surgere
1770 1225 2161 1320 jubebantur
2204 1257 2371 1323 quo-

350 1342 522 1412 tidie
541 1394 562 1425 ‚
600 1356 672 1409 et
699 1340 908 1407 horae
945 1336 1298 1406 dimidium
1333 1336 1402 1405 in
1440 1359 1665 1407 earum
1704 1361 1919 1410 rerum
1964 1344 2371 1437 contempla-

354 1455 616 1523 tionem
673 1450 1058 1541 impendere
1090 1502 1112 1533 ,
1168 1473 1323 1540 quas
1383 1465 1536 1539 post
1592 1440 1867 1522 coenam
1920 1454 2369 1544 praecedentis
2460 1446 2467 1461 '

365 1570 504 1639 diei
562 1568 798 1638 iisdem
849 1584 1270 1658 proposuerat
1325 1564 1779 1639 confessarius
1832 1568 1903 1639 in
1944 1570 2233 1662 templo,
2268 1574 2377 1647 vel

355 1682 500 1775 ipse
533 1682 894 1773 Episcopus
920 1732 937 1750 .
973 1678 1247 1751 Solebat
1282 1679 1464 1749 enim
1501 1680 1618 1750 ille
1657 1680 1729 1750 in
1781 1680 2059 1753 aliorum
2113 1708 2371 1777 quoque
2432 1768 2439 1777 ,

341 1812 563 1889 partes
603 1793 997 1865 descendere
1014 1845 1039 1880 ‚
1062 1808 1134 1863 et
1168 1816 1396 1862 eorum
1426 1814 1625 1863 onera
1660 1790 1789 1863 sibi
1828 1794 2165 1887 imponere
2184 1849 2200 1865 .
2232 1799 2365 1868 De-

341 1906 589 1979 bebant
641 1930 870 1977 omnes
931 1906 1116 1997 piam
1173 1904 1350 1975 hanc
1408 1903 1593 1975 obire
1644 1908 2185 1982 exercitationem
2226 1926 2369 1983 tum

342 2025 560 2098 clerici
578 2080 602 2114 ‚
639 2045 778 2097 tum
840 2025 1180 2119 magistri.
1219 2023 1536 2117 Utrisque
1591 2024 1949 2117 praebebat
1983 2028 2359 2101 cardinalis

335 2138 598 2210 illustre
630 2140 1047 2229 exemplum,
1081 2137 1341 2230 quoties
1375 2156 1819 2229 pernoctasset
1851 2140 1921 2209 in
1952 2140 2319 2214 seminario
2334 2156 2367 2233 ‚¹

336 2253 502 2323 licet
541 2251 774 2325 eadem
813 2250 1084 2329 hiemali
1122 2268 1414 2343 tempore
1454 2252 1707 2325 duabus
1742 2254 1923 2323 horis
1965 2272 2032 2325 et
2068 2258 2357 2347 amplius

347 2379 790 2441 anteverteret
841 2380 1054 2439 ortum
1089 2365 1240 2443 solis
1273 2416 1292 2443 ,
1345 2364 1454 2435 Ad
1511 2366 1683 2437 hanc
1728 2364 1923 2436 facile
1988 2384 2057 2436 et
2106 2370 2358 2441 utiliter

343 2476 720 2550 obeundam
755 2478 979 2572 pueris
1007 2495 1210 2552 certas
1242 2477 1741 2570 praeceptiones
1778 2479 1925 2570 ipse
1962 2481 2361 2572 tradiderat,

337 2595 554 2670 factus
580 2599 882 2691 parvulus
907 2621 1058 2668 eum
1098 2599 1412 2689 Apostolo
1441 2599 1513 2670 in
1537 2597 1761 2676 medio
1791 2621 2017 2668 eorum
2048 2601 2190 2690 (1).
2214 2601 2359 2672 Vix

337 2715 472 2789 bac
505 2734 804 2809 peracta,
833 2717 1198 2790 recitabant
1232 2719 1462 2792 statim
1493 2717 1717 2788 clerici
1750 2718 1823 2787 in
1859 2717 2175 2786 honorem
2206 2715 2359 2788 vir-

333 2831 518 2926 ginis
569 2829 764 2908 officii
803 2847 1058 2922 partem
1076 2883 1098 2916 ,
1139 2847 1394 2921 partem
1431 2855 1587 2908 vero
1632 2830 1961 2902 submissa
1995 2853 2155 2900 voce
2206 2851 2357 2902 cum

330 2943 562 3014 divino
592 2945 986 3020 interessent
1013 2943 1372 3034 sacrifici03
1405 2945 1580 3040 quod
1626 2945 1949 3036 reliquum
1984 2957 2169 3015 erant
2201 2967 2353 3037 pera⁵

330 3059 650 3145 soluturi,
676 3059 1020 3152 ingruente
1045 3074 1236 3129 nocte
1249 3111 1273 3144 ,
1301 3057 1791 3158 pomeridianae
1822 3057 2083 3138 scholae
2119 3077 2358 3145 mune-0,

333 3197 410 3244 re
445 3175 590 3269 jam
625 3175 944 3267 perfuncti
983 3179 1092 3270 (2)
1115 3230 1134 3254 0
1185 3258 1196 3267 ,

423 3292 748 3381 Quotidie
783 3311 1116 3385 praeterea
1155 3293 1240 3366 ab
1279 3297 1499 3388 aliquo
1535 3319 1621 3366 ex
1674 3292 1957 3364 alumnis
1980 3344 2003 3377 ,
2036 3290 2113 3360 id
2162 3297 2357 3382 prae-⁴

325 3403 674 3480 scribente
711 3407 1082 3484 Guooruo
1104 3462 1128 3498 ,
1183 3410 1344 3482 dum
1399 3408 1601 3479 ceteri
1660 3405 1887 3479 eibum
1923 3419 2260 3478 sumerent
2280 3406 2357 3487 in

964 3647 976 3662 ⁶
1015 3642 1098 3669 m

407 3799 517 3880 (1)
554 3803 697 3864 Act.
736 3805 944 3882 Beatif.
986 3807 1076 3870 T.
1113 3809 1194 3871 11.
1233 3807 1513 3878 Summar-
1546 3829 1610 3893 p.
1654 3805 1788 3872 188.
1829 3803 1963 3884 189·ss

400 3908 512 3999 (2)
553 3910 822 4076 lmtigut.
858 3911 940 3974 ad
973 3914 1192 3992 semin.
1227 3918 1450 4003 Regim-
1491 3937 1552 4000 Ρ,
1594 3915 1699 3988 650
