3125 4975
974 340 1135 398 vnn
1180 340 1547 395 nancrscr
1585 324 1880 396 omaus
2265 342 2363 417 97,

308 466 543 566 primis
573 458 949 555 'multiplici
1005 460 1387 553 cognitione
1442 459 1854 551 linguarum.
1894 458 2164 531 Praeter
2216 457 2349 530 ita·-

310 590 453 659 lam
490 600 559 655 et
591 581 915 675 latinam,
977 600 1279 669 graecam
1334 576 1540 645 etiam
1593 572 1916 660 callebat,
1955 573 2352 664 hispanam,

312 699 657 795 gallicamt
701 692 971 766 tenebat
1013 693 1283 783 insuper
1329 689 1835 781 antiquissimas
1883 688 2180 762 Orientis
2217 690 2352 759 lin-

316 840 471 909 guas
509 865 531 900 ‚
568 809 948 883 hebraicam
970 860 993 895 ,
1048 808 1373 898 syrianam
1396 858 1415 891 ‚
1468 804 1921 892 chaldaicam,
1977 807 2310 881 arabicam
2327 830 2356 902 ‚·

321 954 481 1021 quas
538 926 719 997 idern
774 940 1003 1019 postea
1060 920 1415 994 seminarii
1472 920 1758 991 alumnis
1807 919 2084 995 tradidit
2134 924 2358 1015 plures

320 1066 523 1115 annos
548 1094 563 1110 .
607 1042 715 1111 Ad
749 1040 1022 1111 easdem
1072 1036 1203 1106 sibi
1241 1035 1671 1127 acquirendas
1719 1035 1972 1127 optimo
2010 1036 2082 1105 ln
2117 1038 2356 1129 primis

320 1157 485 1227 duee
542 1180 695 1225 usus
754 1152 969 1223 fuerat
1014 1152 1373 1222 Timotheo
1412 1151 1768 1241 Agnei'lino
1801 1151 2097 1231 Mardini
2137 1152 2358 1222 archi-

320 1276 633 1367 episcopo
684 1275 841 1365 (1),
874 1294 1088 1363 'quem
1144 1272 1220 1339 Β.
1279 1268 1632 1361 Gregorius
1679 1270 1957 1363 jusserat
1992 1268 2350 1341 seminarii

326 1395 605 1464 elericos
640 1391 1021 1485 hujusmodi
1062 1386 1430 1458 eruditione
1466 1387 1812 1459 instituere
1851 1392 1958 1480 (2)
1991 1440 2022 1497 ,Ι

326 1548 333 1553 ·
423 1510 664 1599 Neque
702 1506 917 1577 solum
958 1518 1055 1573 tot
1090 1502 1496 1593 linguarum,
1534 1518 1802 1594 temque
1841 1502 2012 1573 inter
2050 1526 2122 1573 se
2159 1504 2360 1573 dissi-

331 1626 635 1710 milium,
672 1622 911 1692 notitia
964 1622 1345 1692 Franciseus
1396 1618 1602 1699 valuit
1624 1673 1646 1708 ,
1703 1621 1820 1691 sed
1860 1622 2064 1692 multa
2101 1648 2360 1716 quoque

331 1740 645 1811 librorum
694 1736 1005 1807 scientia.
1051 1736 1291 1808 Eidem
1352 1733 1728 1827 plurimum*
1768 1735 1968 1808 debet
2003 1734 2362 1808 Seminarii

326 1857 769 1942 bibliotheca,
808 1856 913 1928 cui
952 1854 1277 1946 praefuit,
1315 1871 1505 1925 aucta
1540 1854 1682 1947 ejus
1716 1879 1873 1925 cura
1910 1856 2136 1925 m'ulti's
2175 1878 2367 1945 prae-

330 1972 517 2063 cipue
557 1970 896 2041 codicibus
934 1994 1093 2038 mss.
1118 2021 1139 2053 ,
1166 1969 1446 2060 aliisque
1479 1994 1608 2038 non
1648 1972 1873 2060 paucis
1915 1968 2362 2039 voluminibus

334 2088 701 2176 iisdemque
750 2083 1099 2175 exquisitis
1126 2136 1147 2168 ,
1187 2082 1710 2175 antiquissimis,
1765 2082 2118 2153 rarissimis
2138 2102 2360 2172 ‚quae

332 2198 717 2273 incredibili
756 2199 967 2271 animi
1000 2198 1243 2270 ardore
1279 2212 1349 2271 et
1388 2199 1650 2295 ingenti
1689 2212 1956 2293 sumptu
1995 2186 2362 2291 collegerat

338 2314 741 2405 optimarum
767 2312 1127 2383 litterarum
1154 2314 1253 2383 vir
1271 2315 1791 2386 studiosissimus
1823 2342 2045 2387 comes
2072 2294 2364 2408 Alphon·

338 2456 451 2501 sus
488 2429 860 2500 Alvarottus
884 2430 993 2523 (5)
1017 2436 1469 2526 ‚Quamquam
1510 2436 1580 2504 in
1617 2436 1746 2506 hoc
1787 2437 1818 2528 (
1854 2452 1927 2506 ut
1977 2460 2203 2506 verum
2258 2434 2361 2508 fa-

342 2544 539 2644 tear)
569 2545 925 2646 praecipua
962 2545 1101 2624 laus
1138 2550 1495 2632 Faeeiolati
1533 2551 1674 2657 (4).
1713 2550 1987 2658 Aliquot
2025 2569 2360 2678 praeterea

1025 2755 1192 2786 mm
1197 2759 1602 2790 mmm
1607 2762 1688 2794 Μ

424 2927 523 3004 (ι)
567 2924 711 2991 Viti.
753 2925 976 3008 Opust:-
1016 2928 1117 2991 cit.
1158 2929 1306 3014 Cap.
1344 2933 1427 2997 V.

422 3035 521 3113 (2)
564 3033 844 3095 Eumdem
882 3036 1051 3098 etiam
1092 3042 1442 3138 praefecerat
1480 3041 1830 3106 Bar-bediens
1872 3041 2275 3128 typographiae
2303 3047 2366 3107 in

340 3142 411 3201 iis
435 3185 453 3212 ‚
493 3161 635 3220 quae
672 3140 749 3202 ad
789 3145 1092 3207 orientales
1135 3147 1359 3230 linguas
1399 3152 1768 3234 spectabant,
1829 3153 1904 3213 ob
1941 3153 2201 3214 eximiam
2243 3152 2362 3234 ejus

346 3241 413 3302 in
444 3243 565 3303 inis
612 3245 869 3325 peritiam
892 3293 911 3322 ‚
960 3269 1129 3330 quam
1168 3265 1449 3322 testantur
1486 3253 1560 3316 ab
1601 3254 1728 3338 ipso
1767 3253 1908 3316 editi
1945 3255 2138 3342 plures
2195 3251 2396 3336 libri,

348 3346 433 3406 uti
474 3359 697 3407 constat
736 3368 805 3409 ex
840 3351 937 3414 xl
974 3353 1261 3436 Opusculi
1292 3355 1546 3436 ejusdem
1589 3359 1772 3440 capite
1795 3400 1810 3416 .

431 3447 531 3525 (3)
574 3449 669 3508 Jo.
710 3451 853 3510 Ant.
892 3453 1144 3536 Vulpius
1184 3457 1247 3516 in
1288 3456 1451 3519 libris
1491 3457 1822 3520 carminum
1862 3473 1919 3520 et
1950 3459 2372 3543 opusculorum

345 3551 514 3613 editis
556 3575 709 3614 anno
760 3557 910 3637 1725
966 3581 1095 3644 pag.
1141 3565 1280 3639 243.
1332 3567 1471 3640 244.
1515 3567 1644 3627 Hoc
1683 3565 1837 3628 idem
1871 3569 2043 3629 refert
2080 3569 2144 3628 in
2184 3569 2376 3631 admo-

343 3655 559 3715 nitione
577 3701 595 3730 ,
642 3677 812 3736 quam
849 3663 1161 3742 praemittit
1199 3665 1435 3732 carmini
1470 3666 1652 3750 lyrico
1699 3669 2035 3754 Hieronymi
2072 3675 2116 3733 F
2119 3685 2372 3734 racasto-

342 3753 416 3813 nii
440 3799 459 3828 ‚
494 3755 632 3817 edit.
675 3760 997 3832 secundae,
1038 3785 1166 3847 pag.
1216 3769 1347 3847 169.

428 3862 525 3936 (4)
566 3864 621 3922 1s
645 3865 798 3925 enim
838 3887 951 3946 qua
992 3873 1326 3934 auctoritate
1363 3864 1594 3938 valebat
1626 3877 1781 3959 apud
1819 3879 1996 3945 Card.
2042 3883 2372 3949 cornelium

340 3960 665 4045 episcopum
700 3967 1035 4048 patavinum
1054 4013 1075 4046 ,
1113 3971 1283 4034 facile
1320 3971 1395 4038 ab
1456 3975 1559 4038 ino
1598 3976 1846 4042 obtinuit
1873 4023 1894 4055 ,
1934 3992 2000 4038 ut
2031 3995 2228 4059 posset
2275 3997 2377 4066 eos,⁴
