3125 4975
992 306 1295 362 affirm
1333 305 1679 360 uncum
2284 306 2413 361 201

389 415 848 526 paucissimos,
875 418 1122 514 insigni
1169 423 1464 494 doctriua
1525 421 1893 510 excellens,
1945 419 2213 495 eximiis
2272 446 2419 494 mo-

390 543 726 613 numentis
765 541 940 634 apud
989 559 1246 612 exteros
1301 542 1508 612 etiam
1569 542 1817 628 clarus,
1870 565 2133 636 semper
2188 545 2417 614 mode-

391 662 686 734 'ctissime
732 683 804 732 se
861 660 1223 732 continuit.
1280 661 1434 732 Non
1459 659 1819 752 ampliores
1865 659 2144 731 honores
2188 662 2417 754 petiit,

383 799 517 845 non
555 774 938 868 splendidas
973 774 1356 860 cathedras,
1397 797 1529 849 non
1592 773 1819 867 ampla
1858 771 2189 864 stipendia
2212 823 2229 842 .
2281 778 2414 846 Te-

387 895 710 966 nuissima
746 919 864 986 spe
921 893 1293 986 proposita,
1351 892 1601 962 diurnis
1656 863 2465 988 nocturnisque¹labori-·

380 1012 508 1086 bus
547 1011 962 1105 frangebatur
999 1012 1333 1104 religionis
1373 1012 1585 1102 gratia
1618 1061 1635 1080 .
1675 1009 1889 1104 Hujus
1928 1035 2148 1081 amore
2186 1009 2257 1077 in
2294 1027 2426 1081 tra·

385 1132 622 1203 dendis
659 1128 1088 1202 orientalium
1129 1129 1520 1221 populorum
1555 1127 1801 1220 linguis
1856 1129 2063 1198 vitam
2112 1150 2416 1200 consum-

389 1247 566 1338 psit,
605 1245 838 1314 harum
875 1241 1166 1311 studium
1207 1241 1358 1310 aliis
1395 1240 1685 1310 inculcat
1721 1241 1863 1330 (ι),
1902 1241 2249 1312 Pontifices
2304 1267 2419 1312 ea-

387 1361 694 1431 rumdem
733 1358 1014 1437 fautores
1045 1357 1314 1442 laudat,
1347 1373 1488 1426 tum
1521 1358 1593 1426 B.
1628 1357 2021 1446 Gregorium
2047 1355 2241 1428 Card.
2267 1359 2426 1428 Bar-

391 1472 705 1543 badicum
735 1522 758 1556 ,
796 1469 908 1560 qui
949 1469 1188 1539 iisdem
1221 1484 1291 1538 et
1327 1468 1474 1560 ipse
1519 1485 1788 1556 auctus,
1826 1467 2268 1541 Seminarium
2310 1495 2420 1542 au·-

395 1591 496 1658 xit
538 1581 914 1678 patavinum
955 1589 1100 1678 (2).

477 1707 698 1776 Pietas
734 1705 944 1776 solida
1003 1703 1105 1776 vel
1163 1731 1201 1776 a
1243 1723 1482 1799 puero,
1533 1703 1671 1802 iam
1734 1725 1874 1778 tum
1913 1707 2211 1800 praemio
2254 1703 2421 1778 affe-

387 1842 527 1895 cta.
569 1825 824 1919 Religio
862 1825 1004 1896 sine
1045 1818 1230 1912 suco,
1286 1826 1432 1896 sine
1487 1823 1766 1897 artificio
1822 1845 2083 1912 mores,
2136 1847 2267 1895 non
2322 1823 2421 1896 si-

385 1937 701 2024 mulatio,
739 1962 868 2008 non
907 1938 1228 2010 latebrae:
1271 1955 1534 2030 apertus
1574 1939 1835 2008 animus
1868 1957 1937 2009 et
1977 1935 2173 2031 plane
2229 1939 2419 2030 inge-

380 2073 546 2126 nuus
587 2108 604 2124 .
639 2053 718 2126 In
757 2053 1070 2126 discendo
1127 2051 1550 2150 docendoque
1610 2055 1997 2128 exercitatio
2056 2053 2419 2148 patientiae

389 2163 698 2256 pertinax
720 2220 736 2235 .
776 2171 1108 2236 Docuerat
1135 2193 1338 2238 annos
1373 2172 1669 2260 quinque
1703 2185 1773 2242 et
1817 2167 2249 2263 quadraginta
2286 2173 2419 2242 cir-

387 2282 592 2367 citer,
631 2299 780 2351 cum
821 2293 1088 2370 repente
1122 2283 1224 2352 111
1263 2285 1408 2355 Cal.
1451 2281 1731 2356 Martias
1770 2312 1923 2357 ann.
1968 2287 2143 2383 1759
2182 2289 2413 2362 morbo

390 2393 740 2485 corripitur
763 2447 786 2481 ,
839 2417 1038 2485 quem
1089 2395 1440 2485 apoplexin
1481 2411 1753 2466 vocant.
1812 2400 2052 2468 Statim
2090 2401 2267 2472 visus
2315 2419 2418 2473 est

389 2534 430 2579 a
493 2524 702 2579 morte
746 2528 877 2576 non
934 2508 1124 2598 longe
1164 2506 1394 2602 abesse
1417 2560 1433 2578 .
1495 2511 1717 2597 Quare
1775 2506 2006 2579 instrui
2066 2513 2285 2603 eoepit
2332 2516 2416 2583 ad

384 2620 794 2691 subeundum
841 2618 966 2689 hoc
1021 2618 1332 2689 ultimum
1371 2615 1729 2690 christiano
1766 2644 1949 2691 more
2000 2619 2357 2693 discrimen
2388 2676 2407 2693 .

386 2738 668 2809 Morlms
703 2735 776 2808 in
811 2737 955 2808 <lies
994 2738 1296 2825 remisit,
1333 2738 1430 2809 ita
1475 2755 1547 2809 ut
1584 2762 1621 2809 e
1676 2738 1846 2811 lecto
1884 2762 2146 2832 surgere
2208 2741 2419 2809 Anto-

381 2852 532 2923 nius
589 2868 660 2920 et
712 2850 1050 2921 anibulare
1111 2852 1434 2943 potuerit.
1475 2852 1887 2923 Dimissione
1923 2852 2235 2937 obtenta,
2287 2851 2421 2924 dis·

385 2964 586 3035 cessit
617 2988 674 3056 ,e
729 2964 1138 3049 seminario,
1175 2966 1508 3057 stipendio
1570 2985 1800 3036 aucto.
1858 2968 2152 3037 Domum
2196 2989 2269 3037 se
2309 2990 2420 3036 re·-

385 3078 597 3167 cepit,
631 3093 705 3145 ut
738 3078 1060 3167 reliquum
1089 3079 1264 3147 vitae
1290 3092 1551 3170 tempus
1590 3078 1975 3169 transigeret
2004 3080 2181 3151 inter
2214 3104 2364 3149 suos
2388 3132 2405 3151 .

381 3190 554 3257 Cum
593 3188 836 3257 diutius
890 3214 1044 3259 eum
1095 3190 1474 3259 afflictasset
1537 3190 1749 3259 morbi
1790 3192 1923 3275 vis,
1962 3208 2091 3261 tres
2144 3192 2407 3264 circiter

384 3329 588 3375 annos
629 3322 778 3395 post
813 3307 1303 3397 ingravescens,
1339 3309 1511 3379 XIV
1549 3308 1695 3377 Cal.
1738 3308 2023 3379 Martias
2074 3312 2401 3401 oppressit

389 3422 732 3493 hominem
767 3438 838 3493 et
868 3422 1221 3495 exstinxit.

1069 3592 1316 3621 ΜΝ

393 3692 404 3701 ’
473 3704 572 3781 (ι)
614 3704 682 3765 In
717 3702 884 3787 epist.
927 3700 1004 3764 ad
1030 3703 1298 3765 lectorem
1323 3750 1342 3779 ‚
1379 3706 1687 3788 praemissa
1726 3700 1911 3767 lexico
1954 3706 2207 3791 syriaco.
2308 3741 2315 3747 ·

471 3815 570 3891 (2)
609 3814 677 3873 In
717 3812 960 3895 epistola
987 3810 1064 3873 ad
1101 3812 1472 3878 Benedictun
1501 3810 1657 3883 xlv
1698 3812 2041 3879 Pousinon
2082 3814 2403 3882 Maxi-u·

383 3918 688 4001 praemissa
729 3914 914 3981 eidem
949 3916 1174 3981 lexico-
