<?xml version="1.0" encoding="UTF-8"?>
<!DOCTYPE html PUBLIC "-//W3C//DTD XHTML 1.0 Transitional//EN"
    "http://www.w3.org/TR/xhtml1/DTD/xhtml1-transitional.dtd">
<html xmlns="http://www.w3.org/1999/xhtml" xml:lang="en" lang="en">
 <head>
  <title>
</title>
<meta http-equiv="Content-Type" content="text/html;charset=utf-8" />
  <meta name='ocr-system' content='tesseract 3.04.00' />
  <meta name='ocr-capabilities' content='ocr_page ocr_carea ocr_par ocr_line ocrx_word'/>
</head>
<body>
  <div class='ocr_page' id='page_1' title='image "./vitaevirorumill01melagoog_0041.png"; bbox 0 0 3125 4975; ppageno 0'>
   <div class='ocr_carea' id='block_1_1' title="bbox 790 330 1069 383">
    <p class='ocr_par' dir='ltr' id='par_1_1' title="bbox 790 330 1069 383">
     <span class='ocr_line' id='line_1_1' title="bbox 790 330 1069 383; baseline 0 -8"><span class='ocrx_word' id='word_1_1' title='bbox 790 330 1069 383; x_wconf 61' lang='lat' dir='ltr'>XXXVUI</span> 
     </span>
    </p>
   </div>
   <div class='ocr_carea' id='block_1_2' title="bbox 792 446 2850 2053">
    <p class='ocr_par' dir='ltr' id='par_1_2' title="bbox 792 446 2835 1569">
     <span class='ocr_line' id='line_1_2' title="bbox 794 446 2820 545; baseline -0.001 -22"><span class='ocrx_word' id='word_1_2' title='bbox 794 455 911 523; x_wconf 86' lang='lat' dir='ltr'>illa</span> <span class='ocrx_word' id='word_1_3' title='bbox 948 448 1143 545; x_wconf 81' lang='lat' dir='ltr'>hujus</span> <span class='ocrx_word' id='word_1_4' title='bbox 1198 449 1327 519; x_wconf 91' lang='lat' dir='ltr'>loci</span> <span class='ocrx_word' id='word_1_5' title='bbox 1373 450 1668 519; x_wconf 84' lang='lat' dir='ltr'>maxima</span> <span class='ocrx_word' id='word_1_6' title='bbox 1709 447 1944 519; x_wconf 85' lang='lat' dir='ltr'><strong>decora</strong></span> <span class='ocrx_word' id='word_1_7' title='bbox 1972 500 1992 533; x_wconf 91' lang='lat'><strong><em>,</em></strong></span> <span class='ocrx_word' id='word_1_8' title='bbox 2033 447 2314 517; x_wconf 80' lang='lat' dir='ltr'><strong>alterum</strong></span> <span class='ocrx_word' id='word_1_9' title='bbox 2380 447 2448 517; x_wconf 87' lang='lat' dir='ltr'><strong>in</strong></span> <span class='ocrx_word' id='word_1_10' title='bbox 2493 446 2820 544; x_wconf 80' lang='lat' dir='ltr'><strong>theologi-</strong></span> 
     </span>
     <span class='ocr_line' id='line_1_3' title="bbox 794 563 2830 657; baseline -0 -21"><span class='ocrx_word' id='word_1_11' title='bbox 794 592 869 637; x_wconf 82' lang='lat' dir='ltr'><strong>ca</strong></span> <span class='ocrx_word' id='word_1_12' title='bbox 912 564 1273 655; x_wconf 82' lang='lat' dir='ltr'>disciplina</span> <span class='ocrx_word' id='word_1_13' title='bbox 1302 617 1323 649; x_wconf 91' lang='lat'><strong><em>,</em></strong></span> <span class='ocrx_word' id='word_1_14' title='bbox 1364 565 1643 632; x_wconf 86' lang='lat' dir='ltr'><strong>alterum</strong></span> <span class='ocrx_word' id='word_1_15' title='bbox 1683 564 1752 631; x_wconf 87' lang='lat' dir='ltr'><strong>in</strong></span> <span class='ocrx_word' id='word_1_16' title='bbox 1793 563 2234 633; x_wconf 80' lang='lat' dir='ltr'><strong>ecclesiastica</strong></span> <span class='ocrx_word' id='word_1_17' title='bbox 2305 563 2578 632; x_wconf 84' lang='lat' dir='ltr'>historia</span> <span class='ocrx_word' id='word_1_18' title='bbox 2635 565 2830 657; x_wconf 79' lang='lat' dir='ltr'><strong>longe</strong></span> 
     </span>
     <span class='ocr_line' id='line_1_4' title="bbox 799 675 2828 767; baseline -0.002 -16"><span class='ocrx_word' id='word_1_19' title='bbox 799 680 1303 765; x_wconf 83' lang='lat' dir='ltr'>doctissimum3</span> <span class='ocrx_word' id='word_1_20' title='bbox 1338 678 1703 767; x_wconf 83' lang='lat' dir='ltr'><strong>Josephum</strong></span> <span class='ocrx_word' id='word_1_21' title='bbox 1755 677 2111 761; x_wconf 71' lang='lat' dir='ltr'><strong>Rinaldum</strong></span> <span class='ocrx_word' id='word_1_22' title='bbox 2175 675 2440 747; x_wconf 78' lang='lat' dir='ltr'>facilem</span> <span class='ocrx_word' id='word_1_23' title='bbox 2479 678 2550 745; x_wconf 87' lang='lat' dir='ltr'><strong>in</strong></span> <span class='ocrx_word' id='word_1_24' title='bbox 2599 679 2828 747; x_wconf 87' lang='lat' dir='ltr'><strong>dicen-</strong></span> 
     </span>
     <span class='ocr_line' id='line_1_5' title="bbox 792 796 2826 888; baseline -0.002 -17"><span class='ocrx_word' id='word_1_25' title='bbox 792 803 877 871; x_wconf 85' lang='lat' dir='ltr'><strong>do</strong></span> <span class='ocrx_word' id='word_1_26' title='bbox 932 816 999 867; x_wconf 86' lang='lat' dir='ltr'><strong>et</strong></span> <span class='ocrx_word' id='word_1_27' title='bbox 1035 798 1486 881; x_wconf 84' lang='lat' dir='ltr'><strong>concinnum3</strong></span> <span class='ocrx_word' id='word_1_28' title='bbox 1542 797 1960 867; x_wconf 81' lang='lat' dir='ltr'><strong>Clementem</strong></span> <span class='ocrx_word' id='word_1_29' title='bbox 2025 796 2410 868; x_wconf 79' lang='lat' dir='ltr'>sibiliatum</span> <span class='ocrx_word' id='word_1_30' title='bbox 2471 814 2826 888; x_wconf 83' lang='lat' dir='ltr'><strong>pervagata</strong></span> 
     </span>
     <span class='ocr_line' id='line_1_6' title="bbox 796 910 2833 1002; baseline -0.003 -16"><span class='ocrx_word' id='word_1_31' title='bbox 796 916 1043 987; x_wconf 84' lang='lat' dir='ltr'><strong>latinae</strong></span> <span class='ocrx_word' id='word_1_32' title='bbox 1093 934 1363 1002; x_wconf 85' lang='lat' dir='ltr'>poeseos</span> <span class='ocrx_word' id='word_1_33' title='bbox 1438 935 1563 977; x_wconf 87' lang='lat' dir='ltr'><strong>non</strong></span> <span class='ocrx_word' id='word_1_34' title='bbox 1606 911 1869 994; x_wconf 85' lang='lat' dir='ltr'>minus,</span> <span class='ocrx_word' id='word_1_35' title='bbox 1927 934 2124 1000; x_wconf 82' lang='lat' dir='ltr'>quam</span> <span class='ocrx_word' id='word_1_36' title='bbox 2187 910 2390 979; x_wconf 86' lang='lat' dir='ltr'><strong>italae</strong></span> <span class='ocrx_word' id='word_1_37' title='bbox 2459 912 2662 1000; x_wconf 85' lang='lat' dir='ltr'>gloria</span> <span class='ocrx_word' id='word_1_38' title='bbox 2713 912 2833 979; x_wconf 90' lang='lat' dir='ltr'><strong>flo-</strong></span> 
     </span>
     <span class='ocr_line' id='line_1_7' title="bbox 800 1016 2826 1123; baseline -0.005 -16"><span class='ocrx_word' id='word_1_39' title='bbox 800 1053 1051 1109; x_wconf 82' lang='lat' dir='ltr'>rentem</span> <span class='ocrx_word' id='word_1_40' title='bbox 1076 1062 1095 1122; x_wconf 83' lang='lat'><em>3</em></span> <span class='ocrx_word' id='word_1_41' title='bbox 1125 1031 1476 1123; x_wconf 82' lang='lat' dir='ltr'><strong>Aegidium</strong></span> <span class='ocrx_word' id='word_1_42' title='bbox 1516 1016 1966 1099; x_wconf 34' lang='lat' dir='ltr'><strong>Forcellinurn&#39;</strong></span> <span class='ocrx_word' id='word_1_43' title='bbox 1989 1030 2302 1120; x_wconf 75' lang='lat' dir='ltr'>praeclari</span> <span class='ocrx_word' id='word_1_44' title='bbox 2345 1030 2561 1120; x_wconf 87' lang='lat' dir='ltr'>operis</span> <span class='ocrx_word' id='word_1_45' title='bbox 2602 1046 2826 1097; x_wconf 87' lang='lat' dir='ltr'>aucto-</span> 
     </span>
     <span class='ocr_line' id='line_1_8' title="bbox 800 1146 2835 1242; baseline -0.004 -17"><span class='ocrx_word' id='word_1_46' title='bbox 800 1180 982 1239; x_wconf 85' lang='lat' dir='ltr'><strong>rem,</strong></span> <span class='ocrx_word' id='word_1_47' title='bbox 1010 1154 1093 1220; x_wconf 89' lang='lat' dir='ltr'><strong>de</strong></span> <span class='ocrx_word' id='word_1_48' title='bbox 1130 1175 1257 1242; x_wconf 93' lang='lat' dir='ltr'><strong>quo</strong></span> <span class='ocrx_word' id='word_1_49' title='bbox 1287 1150 1469 1219; x_wconf 83' lang='lat' dir='ltr'>nulla</span> <span class='ocrx_word' id='word_1_50' title='bbox 1498 1174 1814 1240; x_wconf 85' lang='lat' dir='ltr'>umquam</span> <span class='ocrx_word' id='word_1_51' title='bbox 1855 1166 2034 1218; x_wconf 80' lang='lat' dir='ltr'><strong>aetas</strong></span> <span class='ocrx_word' id='word_1_52' title='bbox 2069 1150 2504 1234; x_wconf 84' lang='lat' dir='ltr'><strong>conticescet3</strong></span> <span class='ocrx_word' id='word_1_53' title='bbox 2539 1146 2835 1237; x_wconf 82' lang='lat' dir='ltr'>aliosque</span> 
     </span>
     <span class='ocr_line' id='line_1_9' title="bbox 798 1261 2830 1361; baseline -0.005 -24"><span class='ocrx_word' id='word_1_54' title='bbox 798 1292 996 1361; x_wconf 85' lang='lat' dir='ltr'>quam</span> <span class='ocrx_word' id='word_1_55' title='bbox 1026 1268 1238 1357; x_wconf 87' lang='lat' dir='ltr'>plures</span> <span class='ocrx_word' id='word_1_56' title='bbox 1260 1316 1279 1349; x_wconf 89' lang='lat'><em>,</em></span> <span class='ocrx_word' id='word_1_57' title='bbox 1310 1288 1584 1355; x_wconf 84' lang='lat' dir='ltr'>quorum</span> <span class='ocrx_word' id='word_1_58' title='bbox 1615 1288 1762 1332; x_wconf 89' lang='lat' dir='ltr'><strong>cum</strong></span> <span class='ocrx_word' id='word_1_59' title='bbox 1805 1265 2008 1333; x_wconf 85' lang='lat' dir='ltr'>Vitae</span> <span class='ocrx_word' id='word_1_60' title='bbox 2037 1262 2424 1359; x_wconf 84' lang='lat' dir='ltr'><strong>jamdudum</strong></span> <span class='ocrx_word' id='word_1_61' title='bbox 2467 1261 2644 1351; x_wconf 79' lang='lat' dir='ltr'>typis</span> <span class='ocrx_word' id='word_1_62' title='bbox 2677 1285 2830 1328; x_wconf 86' lang='lat' dir='ltr'><strong>con-</strong></span> 
     </span>
     <span class='ocr_line' id='line_1_10' title="bbox 806 1376 2833 1475; baseline -0.005 -22"><span class='ocrx_word' id='word_1_63' title='bbox 806 1384 1101 1475; x_wconf 73' lang='lat' dir='ltr'><strong>signatae</strong></span> <span class='ocrx_word' id='word_1_64' title='bbox 1142 1378 1345 1447; x_wconf 87' lang='lat' dir='ltr'>oculis</span> <span class='ocrx_word' id='word_1_65' title='bbox 1418 1376 1846 1446; x_wconf 76' lang='lat' dir='ltr'><strong>obversentur</strong></span> <span class='ocrx_word' id='word_1_66' title='bbox 1905 1379 2054 1470; x_wconf 87' lang='lat'><strong>(1),</strong></span> <span class='ocrx_word' id='word_1_67' title='bbox 2119 1398 2599 1470; x_wconf 78' lang='lat' dir='ltr'><strong>supervacanea</strong></span> <span class='ocrx_word' id='word_1_68' title='bbox 2656 1390 2833 1443; x_wconf 87' lang='lat' dir='ltr'><strong>esset</strong></span> 
     </span>
     <span class='ocr_line' id='line_1_11' title="bbox 807 1493 1753 1569; baseline -0.01 0"><span class='ocrx_word' id='word_1_69' title='bbox 807 1498 1005 1569; x_wconf 85' lang='lat' dir='ltr'><strong>modo</strong></span> <span class='ocrx_word' id='word_1_70' title='bbox 1044 1518 1265 1563; x_wconf 87' lang='lat' dir='ltr'><strong>eorum</strong></span> <span class='ocrx_word' id='word_1_71' title='bbox 1308 1493 1753 1560; x_wconf 82' lang='lat' dir='ltr'><strong>enumeratio.</strong></span> 
     </span>
    </p>

    <p class='ocr_par' dir='ltr' id='par_1_3' title="bbox 812 1608 2850 2053">
     <span class='ocr_line' id='line_1_12' title="bbox 902 1608 2846 1703; baseline 0.003 -21"><span class='ocrx_word' id='word_1_72' title='bbox 902 1614 1073 1683; x_wconf 84' lang='lat' dir='ltr'><strong>Huic</strong></span> <span class='ocrx_word' id='word_1_73' title='bbox 1112 1610 1496 1702; x_wconf 77' lang='lat' dir='ltr'><strong>splendidae</strong></span> <span class='ocrx_word' id='word_1_74' title='bbox 1540 1608 1863 1701; x_wconf 83' lang='lat' dir='ltr'>majorum</span> <span class='ocrx_word' id='word_1_75' title='bbox 1903 1627 2268 1679; x_wconf 85' lang='lat' dir='ltr'>nostrorum</span> <span class='ocrx_word' id='word_1_76' title='bbox 2309 1613 2496 1703; x_wconf 84' lang='lat' dir='ltr'>quasi</span> <span class='ocrx_word' id='word_1_77' title='bbox 2564 1639 2846 1689; x_wconf 83' lang='lat' dir='ltr'><strong>coronae</strong></span> 
     </span>
     <span class='ocr_line' id='line_1_13' title="bbox 812 1720 2849 1823; baseline -0.002 -25"><span class='ocrx_word' id='word_1_78' title='bbox 812 1731 927 1801; x_wconf 76' lang='lat' dir='ltr'>alii</span> <span class='ocrx_word' id='word_1_79' title='bbox 962 1726 1277 1823; x_wconf 78' lang='lat' dir='ltr'>plurimi,</span> <span class='ocrx_word' id='word_1_80' title='bbox 1320 1726 1399 1793; x_wconf 88' lang='lat' dir='ltr'><strong>de</strong></span> <span class='ocrx_word' id='word_1_81' title='bbox 1451 1720 1689 1816; x_wconf 81' lang='lat' dir='ltr'>q’uibus</span> <span class='ocrx_word' id='word_1_82' title='bbox 1731 1725 1909 1793; x_wconf 87' lang='lat' dir='ltr'><strong>idern</strong></span> <span class='ocrx_word' id='word_1_83' title='bbox 1952 1727 2282 1795; x_wconf 83' lang='lat' dir='ltr'>Ferrarius</span> <span class='ocrx_word' id='word_1_84' title='bbox 2323 1728 2633 1818; x_wconf 87' lang='lat' dir='ltr'>scripsit,</span> <span class='ocrx_word' id='word_1_85' title='bbox 2675 1756 2849 1821; x_wconf 91' lang='lat' dir='ltr'>quo..</span> 
     </span>
     <span class='ocr_line' id='line_1_14' title="bbox 816 1839 2850 1935; baseline -0.003 -23"><span class='ocrx_word' id='word_1_86' title='bbox 816 1868 1089 1935; x_wconf 83' lang='lat' dir='ltr'><strong>rumque</strong></span> <span class='ocrx_word' id='word_1_87' title='bbox 1132 1843 1397 1911; x_wconf 86' lang='lat' dir='ltr'><strong>nomina</strong></span> <span class='ocrx_word' id='word_1_88' title='bbox 1440 1840 1756 1908; x_wconf 85' lang='lat' dir='ltr'><strong>hactenus</strong></span> <span class='ocrx_word' id='word_1_89' title='bbox 1797 1840 1968 1908; x_wconf 88' lang='lat' dir='ltr'><strong>inter</strong></span> <span class='ocrx_word' id='word_1_90' title='bbox 2005 1839 2398 1910; x_wconf 84' lang='lat' dir='ltr'><strong>domesticos</strong></span> <span class='ocrx_word' id='word_1_91' title='bbox 2439 1858 2689 1911; x_wconf 88' lang='lat' dir='ltr'>nostros</span> <span class='ocrx_word' id='word_1_92' title='bbox 2731 1870 2850 1935; x_wconf 84' lang='lat' dir='ltr'><strong>pa-</strong></span> 
     </span>
     <span class='ocr_line' id='line_1_15' title="bbox 814 1958 2848 2053; baseline 0 -19"><span class='ocrx_word' id='word_1_93' title='bbox 814 1960 1011 2034; x_wconf 80' lang='lat' dir='ltr'><strong>rietes</strong></span> <span class='ocrx_word' id='word_1_94' title='bbox 1048 1963 1377 2033; x_wconf 82' lang='lat' dir='ltr'><strong>latuerunt</strong></span> <span class='ocrx_word' id='word_1_95' title='bbox 1416 1962 1563 2053; x_wconf 89' lang='lat'>(2),</span> <span class='ocrx_word' id='word_1_96' title='bbox 1601 1959 2038 2029; x_wconf 84' lang='lat' dir='ltr'><strong>accretionem</strong></span> <span class='ocrx_word' id='word_1_97' title='bbox 2081 1958 2318 2029; x_wconf 84' lang='lat' dir='ltr'><strong>addere</strong></span> <span class='ocrx_word' id='word_1_98' title='bbox 2353 1963 2848 2052; x_wconf 84' lang='lat' dir='ltr'><strong>quodammodo</strong></span> 
     </span>
    </p>
   </div>
   <div class='ocr_carea' id='block_1_3' title="bbox 1498 2188 2158 2219">
    <p class='ocr_par' dir='ltr' id='par_1_4' title="bbox 1498 2188 2158 2219">
     <span class='ocr_line' id='line_1_16' title="bbox 1498 2188 2158 2219; baseline 0.003 -2"><span class='ocrx_word' id='word_1_99' title='bbox 1498 2192 1578 2217; x_wconf 62' lang='grc' dir='ltr'>Μ</span> <span class='ocrx_word' id='word_1_100' title='bbox 1584 2189 1908 2218; x_wconf 57' lang='lat' dir='ltr'><strong>mmm</strong></span> <span class='ocrx_word' id='word_1_101' title='bbox 1911 2188 2158 2219; x_wconf 53' lang='lat' dir='ltr'><strong>mm</strong></span> 
     </span>
    </p>
   </div>
   <div class='ocr_carea' id='block_1_4' title="bbox 809 2356 2860 3068">
    <p class='ocr_par' dir='ltr' id='par_1_5' title="bbox 809 2356 2860 3068">
     <span class='ocr_line' id='line_1_17' title="bbox 902 2356 2849 2445; baseline -0.002 -23"><span class='ocrx_word' id='word_1_102' title='bbox 902 2364 999 2445; x_wconf 89' lang='grc' dir='ltr'><strong>(ι)</strong></span> <span class='ocrx_word' id='word_1_103' title='bbox 1041 2362 1216 2427; x_wconf 80' lang='lat' dir='ltr'><strong>Vitae</strong></span> <span class='ocrx_word' id='word_1_104' title='bbox 1276 2358 1569 2419; x_wconf 87' lang='lat' dir='ltr'>hominum</span> <span class='ocrx_word' id='word_1_105' title='bbox 1609 2356 1955 2432; x_wconf 86' lang='lat' dir='ltr'>illustrium,</span> <span class='ocrx_word' id='word_1_106' title='bbox 2009 2378 2146 2437; x_wconf 85' lang='lat' dir='ltr'>quas</span> <span class='ocrx_word' id='word_1_107' title='bbox 2209 2356 2378 2418; x_wconf 88' lang='lat' dir='ltr'><strong>modo</strong></span> <span class='ocrx_word' id='word_1_108' title='bbox 2417 2358 2719 2437; x_wconf 84' lang='lat' dir='ltr'><strong>recensui,</strong></span> <span class='ocrx_word' id='word_1_109' title='bbox 2769 2360 2849 2424; x_wconf 76' lang='lat' dir='ltr'><strong>ab</strong></span> 
     </span>
     <span class='ocr_line' id='line_1_18' title="bbox 816 2458 2850 2552; baseline -0.003 -24"><span class='ocrx_word' id='word_1_110' title='bbox 816 2464 942 2552; x_wconf 84' lang='lat' dir='ltr'>ipso</span> <span class='ocrx_word' id='word_1_111' title='bbox 1002 2478 1228 2527; x_wconf 78' lang='lat' dir='ltr'><strong>auctore</strong></span> <span class='ocrx_word' id='word_1_112' title='bbox 1256 2504 1275 2535; x_wconf 90' lang='lat'><strong>,</strong></span> <span class='ocrx_word' id='word_1_113' title='bbox 1317 2482 1446 2522; x_wconf 88' lang='lat' dir='ltr'><strong>cum</strong></span> <span class='ocrx_word' id='word_1_114' title='bbox 1505 2460 1757 2534; x_wconf 84' lang='lat' dir='ltr'><strong>viveret,</strong></span> <span class='ocrx_word' id='word_1_115' title='bbox 1801 2458 1987 2520; x_wconf 78' lang='lat' dir='ltr'><strong>editae</strong></span> <span class='ocrx_word' id='word_1_116' title='bbox 2032 2460 2318 2532; x_wconf 87' lang='lat' dir='ltr'><strong>fuerunt,·</strong></span> <span class='ocrx_word' id='word_1_117' title='bbox 2347 2473 2584 2542; x_wconf 77' lang='lat' dir='ltr'>patrono</span> <span class='ocrx_word' id='word_1_118' title='bbox 2623 2473 2682 2524; x_wconf 87' lang='lat' dir='ltr'><strong>et</strong></span> <span class='ocrx_word' id='word_1_119' title='bbox 2739 2482 2850 2522; x_wconf 82' lang='lat' dir='ltr'><strong>au-</strong></span> 
     </span>
     <span class='ocr_line' id='line_1_19' title="bbox 815 2560 2856 2652; baseline -0.002 -22"><span class='ocrx_word' id='word_1_120' title='bbox 815 2569 971 2652; x_wconf 79' lang='lat' dir='ltr'>spice</span> <span class='ocrx_word' id='word_1_121' title='bbox 1012 2569 1216 2629; x_wconf 82' lang='lat' dir='ltr'>illustr.</span> <span class='ocrx_word' id='word_1_122' title='bbox 1277 2579 1443 2646; x_wconf 78' lang='lat' dir='ltr'><strong>atque</strong></span> <span class='ocrx_word' id='word_1_123' title='bbox 1502 2561 1800 2626; x_wconf 84' lang='lat' dir='ltr'><strong>reverend.</strong></span> <span class='ocrx_word' id='word_1_124' title='bbox 1851 2560 2173 2626; x_wconf 81' lang='lat' dir='ltr'>marchione</span> <span class='ocrx_word' id='word_1_125' title='bbox 2213 2563 2523 2623; x_wconf 83' lang='lat' dir='ltr'>Francisco</span> <span class='ocrx_word' id='word_1_126' title='bbox 2574 2563 2856 2646; x_wconf 75' lang='lat' dir='ltr'><strong>Scipione</strong></span> 
     </span>
     <span class='ocr_line' id='line_1_20' title="bbox 812 2667 2856 2752; baseline -0.003 -16"><span class='ocrx_word' id='word_1_127' title='bbox 812 2673 886 2736; x_wconf 87' lang='lat' dir='ltr'><strong>de</strong></span> <span class='ocrx_word' id='word_1_128' title='bbox 921 2675 1153 2738; x_wconf 71' lang='lat' dir='ltr'>Doridis</span> <span class='ocrx_word' id='word_1_129' title='bbox 1194 2673 1267 2734; x_wconf 82' lang='lat' dir='ltr'><strong>ab</strong></span> <span class='ocrx_word' id='word_1_130' title='bbox 1306 2670 1653 2748; x_wconf 84' lang='lat' dir='ltr'>Horologio,</span> <span class='ocrx_word' id='word_1_131' title='bbox 1691 2681 1832 2730; x_wconf 83' lang='lat' dir='ltr'><strong>tune</strong></span> <span class='ocrx_word' id='word_1_132' title='bbox 1870 2667 1932 2730; x_wconf 87' lang='lat' dir='ltr'><strong>in</strong></span> <span class='ocrx_word' id='word_1_133' title='bbox 1975 2671 2318 2752; x_wconf 78' lang='lat' dir='ltr'>episcopatu</span> <span class='ocrx_word' id='word_1_134' title='bbox 2360 2670 2668 2750; x_wconf 80' lang='lat' dir='ltr'>patavino,</span> <span class='ocrx_word' id='word_1_135' title='bbox 2711 2670 2856 2734; x_wconf 79' lang='lat' dir='ltr'><strong>sede</strong></span> 
     </span>
     <span class='ocr_line' id='line_1_21' title="bbox 813 2770 2858 2860; baseline -0.003 -24"><span class='ocrx_word' id='word_1_136' title='bbox 813 2779 1131 2860; x_wconf 69' lang='lat' dir='ltr'>qpiscopsli</span> <span class='ocrx_word' id='word_1_137' title='bbox 1187 2785 1472 2845; x_wconf 78' lang='lat' dir='ltr'><strong>vacante,</strong></span> <span class='ocrx_word' id='word_1_138' title='bbox 1525 2770 1742 2830; x_wconf 86' lang='lat' dir='ltr'>vicario</span> <span class='ocrx_word' id='word_1_139' title='bbox 1803 2789 1992 2850; x_wconf 84' lang='lat' dir='ltr'><strong>gener.</strong></span> <span class='ocrx_word' id='word_1_140' title='bbox 2057 2771 2287 2853; x_wconf 59' lang='lat' dir='ltr'>capit„</span> <span class='ocrx_word' id='word_1_141' title='bbox 2339 2771 2490 2852; x_wconf 85' lang='lat' dir='ltr'>typis</span> <span class='ocrx_word' id='word_1_142' title='bbox 2549 2771 2858 2844; x_wconf 73' lang='lat' dir='ltr'><strong>Sentium-ii</strong></span> 
     </span>
     <span class='ocr_line' id='line_1_22' title="bbox 812 2874 2856 2968; baseline -0.001 -26"><span class='ocrx_word' id='word_1_143' title='bbox 812 2885 1071 2968; x_wconf 76' lang='lat' dir='ltr'>patavini</span> <span class='ocrx_word' id='word_1_144' title='bbox 1110 2895 1242 2942; x_wconf 81' lang='lat' dir='ltr'><strong>ann.</strong></span> <span class='ocrx_word' id='word_1_145' title='bbox 1294 2897 1441 2956; x_wconf 82' lang='lat'>¹799</span> <span class='ocrx_word' id='word_1_146' title='bbox 1482 2875 1543 2932; x_wconf 88' lang='lat' dir='ltr'><strong>in</strong></span> <span class='ocrx_word' id='word_1_147' title='bbox 1588 2877 1644 2936; x_wconf 81' lang='lat'><strong>8.</strong></span> <span class='ocrx_word' id='word_1_148' title='bbox 1711 2874 1884 2936; x_wconf 84' lang='lat' dir='ltr'><strong>Nunc</strong></span> <span class='ocrx_word' id='word_1_149' title='bbox 1943 2893 2079 2935; x_wconf 79' lang='lat' dir='ltr'><strong>vero</strong></span> <span class='ocrx_word' id='word_1_150' title='bbox 2141 2875 2340 2938; x_wconf 84' lang='lat' dir='ltr'><strong>eodem</strong></span> <span class='ocrx_word' id='word_1_151' title='bbox 2401 2877 2630 2938; x_wconf 86' lang='lat' dir='ltr'><strong>nomine</strong></span> <span class='ocrx_word' id='word_1_152' title='bbox 2681 2877 2856 2957; x_wconf 81' lang='lat' dir='ltr'><strong>longe</strong></span> 
     </span>
     <span class='ocr_line' id='line_1_23' title="bbox 809 2974 2860 3068; baseline 0 -28"><span class='ocrx_word' id='word_1_153' title='bbox 809 2981 1274 3068; x_wconf 80' lang='lat' dir='ltr'>splendidissimo</span> <span class='ocrx_word' id='word_1_154' title='bbox 1316 2989 1621 3040; x_wconf 78' lang='lat' dir='ltr'><strong>exornatae</strong></span> <span class='ocrx_word' id='word_1_155' title='bbox 1699 2995 1893 3038; x_wconf 82' lang='lat' dir='ltr'>rursus</span> <span class='ocrx_word' id='word_1_156' title='bbox 1923 2974 1986 3036; x_wconf 86' lang='lat' dir='ltr'><strong>in</strong></span> <span class='ocrx_word' id='word_1_157' title='bbox 2030 2977 2234 3058; x_wconf 81' lang='lat' dir='ltr'>vulgus</span> <span class='ocrx_word' id='word_1_158' title='bbox 2275 2979 2686 3056; x_wconf 69' lang='lat' dir='ltr'><strong>emendatiores</strong></span> <span class='ocrx_word' id='word_1_159' title='bbox 2723 3000 2860 3041; x_wconf 76' lang='lat' dir='ltr'><strong>exe-</strong></span> 
     </span>
    </p>
   </div>
   <div class='ocr_carea' id='block_1_5' title="bbox 816 3083 2956 3168">
    <p class='ocr_par' dir='ltr' id='par_1_6' title="bbox 816 3083 2956 3168">
     <span class='ocr_line' id='line_1_24' title="bbox 816 3083 2956 3168; baseline -0.003 -18"><span class='ocrx_word' id='word_1_160' title='bbox 816 3101 957 3162; x_wconf 77' lang='lat' dir='ltr'><strong>unt3</strong></span> <span class='ocrx_word' id='word_1_161' title='bbox 1000 3087 1203 3168; x_wconf 88' lang='lat' dir='ltr'>quibus</span> <span class='ocrx_word' id='word_1_162' title='bbox 1263 3083 1473 3148; x_wconf 79' lang='lat' dir='ltr'><strong>addere</strong></span> <span class='ocrx_word' id='word_1_163' title='bbox 1510 3083 1732 3166; x_wconf 83' lang='lat' dir='ltr'>placuit</span> <span class='ocrx_word' id='word_1_164' title='bbox 1771 3083 1940 3142; x_wconf 78' lang='lat' dir='ltr'><strong>etiam</strong></span> <span class='ocrx_word' id='word_1_165' title='bbox 1980 3083 2267 3161; x_wconf 83' lang='lat' dir='ltr'><strong>ineditas,</strong></span> <span class='ocrx_word' id='word_1_166' title='bbox 2309 3107 2451 3164; x_wconf 89' lang='lat' dir='ltr'><strong>quae</strong></span> <span class='ocrx_word' id='word_1_167' title='bbox 2492 3099 2852 3165; x_wconf 83' lang='lat' dir='ltr'><strong>sequuntur3</strong></span> <span class='ocrx_word' id='word_1_168' title='bbox 2943 3105 2956 3114; x_wconf 88' lang='lat'><em>·</em></span> 
     </span>
    </p>
   </div>
   <div class='ocr_carea' id='block_1_6' title="bbox 811 3189 2864 4020">
    <p class='ocr_par' dir='ltr' id='par_1_7' title="bbox 811 3189 2856 3786">
     <span class='ocr_line' id='line_1_25' title="bbox 814 3189 2856 3274; baseline -0.001 -18"><span class='ocrx_word' id='word_1_169' title='bbox 814 3207 881 3258; x_wconf 86' lang='lat' dir='ltr'><strong>ut</strong></span> <span class='ocrx_word' id='word_1_170' title='bbox 922 3195 981 3256; x_wconf 86' lang='lat' dir='ltr'><strong>in</strong></span> <span class='ocrx_word' id='word_1_171' title='bbox 1024 3195 1129 3254; x_wconf 84' lang='lat' dir='ltr'><strong>hoc</strong></span> <span class='ocrx_word' id='word_1_172' title='bbox 1170 3215 1281 3252; x_wconf 90' lang='lat' dir='ltr'><strong>uuo</strong></span> <span class='ocrx_word' id='word_1_173' title='bbox 1333 3191 1623 3252; x_wconf 82' lang='lat' dir='ltr'><strong>volumine</strong></span> <span class='ocrx_word' id='word_1_174' title='bbox 1675 3189 1883 3254; x_wconf 81' lang='lat' dir='ltr'><strong>habeat</strong></span> <span class='ocrx_word' id='word_1_175' title='bbox 1935 3191 2118 3254; x_wconf 83' lang='lat' dir='ltr'><strong>lector</strong></span> <span class='ocrx_word' id='word_1_176' title='bbox 2152 3206 2282 3254; x_wconf 86' lang='lat' dir='ltr'><strong>aute</strong></span> <span class='ocrx_word' id='word_1_177' title='bbox 2325 3192 2516 3254; x_wconf 81' lang='lat' dir='ltr'>oculos</span> <span class='ocrx_word' id='word_1_178' title='bbox 2559 3213 2700 3274; x_wconf 83' lang='lat' dir='ltr'>opus</span> <span class='ocrx_word' id='word_1_179' title='bbox 2757 3192 2856 3253; x_wconf 89' lang='lat' dir='ltr'><strong>in-</strong></span> 
     </span>
     <span class='ocr_line' id='line_1_26' title="bbox 812 3297 2852 3382; baseline -0.001 -20"><span class='ocrx_word' id='word_1_180' title='bbox 812 3313 1031 3382; x_wconf 85' lang='lat' dir='ltr'><strong>tegrum</strong></span> <span class='ocrx_word' id='word_1_181' title='bbox 1090 3298 1319 3382; x_wconf 84' lang='lat' dir='ltr'>suisque</span> <span class='ocrx_word' id='word_1_182' title='bbox 1370 3297 1621 3360; x_wconf 80' lang='lat' dir='ltr'><strong>numeris</strong></span> <span class='ocrx_word' id='word_1_183' title='bbox 1681 3298 2036 3363; x_wconf 78' lang='lat' dir='ltr'>absolutum.</span> <span class='ocrx_word' id='word_1_184' title='bbox 2077 3299 2220 3360; x_wconf 80' lang='lat' dir='ltr'><strong>Illae</strong></span> <span class='ocrx_word' id='word_1_185' title='bbox 2251 3343 2272 3376; x_wconf 88' lang='lat'>‚</span> <span class='ocrx_word' id='word_1_186' title='bbox 2315 3319 2456 3380; x_wconf 78' lang='lat' dir='ltr'><strong>quae</strong></span> <span class='ocrx_word' id='word_1_187' title='bbox 2501 3299 2744 3381; x_wconf 84' lang='lat' dir='ltr'>primum</span> <span class='ocrx_word' id='word_1_188' title='bbox 2787 3301 2852 3360; x_wconf 87' lang='lat' dir='ltr'><strong>in</strong></span> 
     </span>
     <span class='ocr_line' id='line_1_27' title="bbox 811 3407 2855 3494; baseline -0.002 -24"><span class='ocrx_word' id='word_1_189' title='bbox 811 3407 997 3470; x_wconf 84' lang='lat' dir='ltr'><strong>lucem</strong></span> <span class='ocrx_word' id='word_1_190' title='bbox 1032 3408 1400 3492; x_wconf 81' lang='lat' dir='ltr'><strong>prodierunt,</strong></span> <span class='ocrx_word' id='word_1_191' title='bbox 1428 3408 1666 3470; x_wconf 73' lang='lat' dir='ltr'><strong>laudem</strong></span> <span class='ocrx_word' id='word_1_192' title='bbox 1701 3408 2291 3494; x_wconf 77' lang='lat' dir='ltr'><strong>praedicationemque</strong></span> <span class='ocrx_word' id='word_1_193' title='bbox 2322 3429 2678 3492; x_wconf 83' lang='lat' dir='ltr'><strong>promeruere</strong></span> <span class='ocrx_word' id='word_1_194' title='bbox 2704 3408 2855 3467; x_wconf 85' lang='lat' dir='ltr'><strong>seri-</strong></span> 
     </span>
     <span class='ocr_line' id='line_1_28' title="bbox 817 3513 2856 3601; baseline 0 -27"><span class='ocrx_word' id='word_1_195' title='bbox 817 3527 1047 3601; x_wconf 83' lang='lat' dir='ltr'>ptorum·</span> <span class='ocrx_word' id='word_1_196' title='bbox 1102 3517 1263 3574; x_wconf 84' lang='lat' dir='ltr'><strong>delle</strong></span> <span class='ocrx_word' id='word_1_197' title='bbox 1302 3515 1600 3576; x_wconf 67' lang='lat' dir='ltr'><strong>stlemorie</strong></span> <span class='ocrx_word' id='word_1_198' title='bbox 1634 3537 1748 3598; x_wconf 82' lang='lat' dir='ltr'><strong>per</strong></span> <span class='ocrx_word' id='word_1_199' title='bbox 1786 3519 2008 3576; x_wconf 73' lang='lat' dir='ltr'><strong>servire</strong></span> <span class='ocrx_word' id='word_1_200' title='bbox 2047 3513 2194 3576; x_wconf 76' lang='lat' dir='ltr'><strong>allci&#39;</strong></span> <span class='ocrx_word' id='word_1_201' title='bbox 2234 3520 2421 3576; x_wconf 76' lang='lat' dir='ltr'>storia</span> <span class='ocrx_word' id='word_1_202' title='bbox 2463 3515 2776 3575; x_wconf 72' lang='lat' dir='ltr'><strong>letter-aria</strong></span> <span class='ocrx_word' id='word_1_203' title='bbox 2819 3537 2856 3574; x_wconf 77' lang='lat' dir='ltr'><strong>e</strong></span> 
     </span>
     <span class='ocr_line' id='line_1_29' title="bbox 817 3615 2852 3702; baseline -0 -24"><span class='ocrx_word' id='word_1_204' title='bbox 817 3618 991 3678; x_wconf 73' lang='lat' dir='ltr'><strong>civile</strong></span> <span class='ocrx_word' id='word_1_205' title='bbox 1029 3638 1162 3680; x_wconf 80' lang='lat' dir='ltr'><strong>ann.</strong></span> <span class='ocrx_word' id='word_1_206' title='bbox 1196 3637 1343 3700; x_wconf 84' lang='lat'>¹799</span> <span class='ocrx_word' id='word_1_207' title='bbox 1376 3631 1656 3682; x_wconf 79' lang='lat' dir='ltr'><strong>semestre</strong></span> <span class='ocrx_word' id='word_1_208' title='bbox 1695 3619 1746 3682; x_wconf 86' lang='lat'><strong>1.</strong></span> <span class='ocrx_word' id='word_1_209' title='bbox 1787 3621 1865 3680; x_wconf 91' lang='grc' dir='ltr'><strong>Ρ.</strong></span> <span class='ocrx_word' id='word_1_210' title='bbox 1901 3619 1952 3680; x_wconf 86' lang='grc' dir='ltr'><strong>Ι.</strong></span> <span class='ocrx_word' id='word_1_211' title='bbox 1988 3639 2132 3702; x_wconf 79' lang='lat' dir='ltr'><strong>pag.</strong></span> <span class='ocrx_word' id='word_1_212' title='bbox 2179 3625 2308 3698; x_wconf 73' lang='lat'><strong>124.</strong></span> <span class='ocrx_word' id='word_1_213' title='bbox 2345 3619 2478 3680; x_wconf 85' lang='lat' dir='ltr'><strong>eP.</strong></span> <span class='ocrx_word' id='word_1_214' title='bbox 2522 3615 2640 3677; x_wconf 85' lang='grc' dir='ltr'><strong><em>ΙΙΙ.</em></strong></span> <span class='ocrx_word' id='word_1_215' title='bbox 2695 3636 2852 3695; x_wconf 79' lang='lat' dir='ltr'><strong>pag.</strong></span> 
     </span>
     <span class='ocr_line' id='line_1_30' title="bbox 818 3701 1398 3786; baseline 0.003 -2"><span class='ocrx_word' id='word_1_216' title='bbox 818 3741 949 3786; x_wconf 78' lang='lat'><strong>122·</strong></span> <span class='ocrx_word' id='word_1_217' title='bbox 1390 3701 1398 3708; x_wconf 94' lang='lat'><strong>·</strong></span> 
     </span>
    </p>

    <p class='ocr_par' dir='ltr' id='par_1_8' title="bbox 832 3827 2864 4020">
     <span class='ocr_line' id='line_1_31' title="bbox 906 3827 2856 3915; baseline -0.001 -26"><span class='ocrx_word' id='word_1_218' title='bbox 906 3829 1004 3906; x_wconf 84' lang='lat'><strong>(2)</strong></span> <span class='ocrx_word' id='word_1_219' title='bbox 1049 3831 1349 3890; x_wconf 82' lang='lat' dir='ltr'><strong>Lectorcm</strong></span> <span class='ocrx_word' id='word_1_220' title='bbox 1388 3827 1495 3889; x_wconf 85' lang='lat' dir='ltr'><strong>hoc</strong></span> <span class='ocrx_word' id='word_1_221' title='bbox 1529 3829 1660 3892; x_wconf 85' lang='lat' dir='ltr'>loco</span> <span class='ocrx_word' id='word_1_222' title='bbox 1702 3829 2120 3892; x_wconf 79' lang='lat' dir='ltr'><strong>admonendum</strong></span> <span class='ocrx_word' id='word_1_223' title='bbox 2159 3846 2340 3915; x_wconf 79' lang='lat' dir='ltr'>puto,·</span> <span class='ocrx_word' id='word_1_224' title='bbox 2375 3847 2463 3888; x_wconf 81' lang='lat' dir='ltr'><strong>mo</strong></span> <span class='ocrx_word' id='word_1_225' title='bbox 2496 3827 2646 3888; x_wconf 85' lang='lat' dir='ltr'><strong>inter</strong></span> <span class='ocrx_word' id='word_1_226' title='bbox 2681 3847 2856 3912; x_wconf 76' lang='lat' dir='ltr'>opor-a</span> 
     </span>
     <span class='ocr_line' id='line_1_32' title="bbox 832 3933 2864 4020; baseline 0.002 -24"><span class='ocrx_word' id='word_1_227' title='bbox 832 3935 1051 3998; x_wconf 79' lang='lat' dir='ltr'><strong>inedita</strong></span> <span class='ocrx_word' id='word_1_228' title='bbox 1080 3955 1481 4020; x_wconf 75' lang='lat' dir='ltr'><strong>annumerasse</strong></span> <span class='ocrx_word' id='word_1_229' title='bbox 1541 3936 1685 4000; x_wconf 81' lang='lat' dir='ltr'><strong>duas</strong></span> <span class='ocrx_word' id='word_1_230' title='bbox 1739 3939 2058 4018; x_wconf 76' lang='lat' dir='ltr'><strong>orationes,</strong></span> <span class='ocrx_word' id='word_1_231' title='bbox 2097 3957 2268 4000; x_wconf 79' lang='lat' dir='ltr'><strong>unam</strong></span> <span class='ocrx_word' id='word_1_232' title='bbox 2305 3933 2580 4000; x_wconf 78' lang='lat' dir='ltr'><strong>videlicet</strong></span> <span class='ocrx_word' id='word_1_233' title='bbox 2625 3936 2690 3998; x_wconf 75' lang='lat' dir='ltr'>iu</span> <span class='ocrx_word' id='word_1_234' title='bbox 2743 3936 2864 4000; x_wconf 78' lang='lat' dir='ltr'><strong>lau·</strong></span> 
     </span>
    </p>
   </div>
  </div>
 </body>
</html>
