3125 4975
2233 318 2330 401 53

293 460 467 551 aliis,
484 460 723 556 eosque
756 462 1177 535 disseminari
1207 462 1291 534 ad
1312 456 1678 535 catholicae
1693 466 2054 560 Religionis
2073 470 2328 560 praesi-

298 584 469 656 dium
501 600 569 654 et
604 585 1095 653 incrementum
1116 585 1147 675 (
1156 584 1225 673 1)
1246 635 1261 651 .
1288 586 1431 653 Hoc
1454 583 1688 654 eodem
1727 586 2002 657 consilio
2019 612 2146 657 non
2173 606 2330 679 pau-

296 726 400 771 cos
430 702 624 771 etiam
644 699 843 772 misit
858 700 943 771 ad
959 692 1115 771 illas
1138 703 1365 791 gentes
1399 696 1756 769 seminarii
1775 698 1968 793 hujus
1995 703 2330 791 alumnos,

296 815 637 908 multiplici
670 814 1091 888 exoticamm
1110 812 1481 906 linguarum
1502 808 1877 905 cognitione
1891 816 2179 885 eruditos
2197 820 2334 911 (2).

384 938 643 1009 Accidit
678 958 804 1029 per
835 940 920 1007 e‘a
956 950 1257 1027 tempora
1292 956 1396 1003 res
1433 931 1519 1003 ad
1556 932 1952 1005 memoriam
1987 938 2338 1027 posterita-

302 1051 385 1122 tis
416 1052 738 1145 insignis,
766 1072 933 1143 quae
968 1050 1240 1120 Beatum
1278 1046 1495 1117 virum
1523 1070 1682 1137 prae
1721 1047 1872 1117 aliis
1907 1049 2166 1123 laetitia
2205 1053 2332 1123 im-

304 1166 505 1255 plevit
526 1217 544 1235 .
584 1167 927 1239 Nimirum
963 1162 1251 1235 Jacohus
1278 1164 1350 1231 11
1384 1162 1750 1252 Anglo'rum
1787 1187 1905 1233 rex
1933 1164 2334 1263 catholicam

308 1278 686 1377 religionem
706 1340 726 1371 ,
749 1284 1049 1355 exsulem
1096 1296 1163 1351 et
1194 1278 1474 1375 ejectam
1496 1333 1517 1366 ,
1542 1280 1616 1349 in
1653 1275 1970 1375 Angliam'
1998 1308 2344 1357 revocave-

318 1416 460 1468 rat.
490 1402 589 1469 Ut
622 1398 927 1468 eamdem
964 1412 1371 1487 promoveret
1404 1396 1722 1483 alterium
1771 1396 1858 1467 ab
1895 1398 2013 1469 illa
2052 1398 2198 1492 ipsa
2251 1400 2338 1471 de

318 1508 735 1603 propaganda
770 1511 899 1581 fide
934 1508 1443 1603 congregatione
1500 1508 1970 1601 impetraverat
2005 1536 2122 1584 rex
2166 1514 2340 1604 piis-

325 1621 531 1691 simus
553 1672 577 1710 ‚
612 1636 683 1693 tit
716 1620 945 1695 eodem
984 1625 1309 1709 mitteret,
1366 1624 1483 1715 qui
1538 1630 1724 1695 suam
1764 1650 2032 1717 operam
2085 1628 2344 1699 utiliter

320 1733 391 1805 in
428 1734 495 1805 id
533 1737 1031 1829 impenderent:
1066 1738 1443 1808 cardinalis
1480 1748 1672 1809 verae
1705 1741 2068 1833 .religionis
2115 1766 2342 1815 amore

314 1849 606 1923 incensus
624 1906 649 1941 ‚
686 1854 973 1925 libenter
1010 1849 1257 1921 obtulit
1302 1874 1465 1943 quos
1502 1848 1805 1945 profugos
1855 1870 2208 1948 exceperat
2257 1874 2348 1929 ex

314 1970 399 2041 iis
430 1974 797 2065 regionibus
818 2020 837 2041 .
876 1972 979 2044 Eo'
1017 1972 1249 2043 statim
1287 1972 1528 2042 missus
1569 1972 1682 2064 qui
1721 1973 1958 2046 studiis
1991 1988 2342 2067 praeerat,

313 2116 459 2163 cnm
504 2094 653 2165 aliis
692 2092 1149 2164 sacerdotibus
1204 2116 1291 2161 ex
1329 2090 1652 2162 Hibernia
1701 2092 1902 2164 simul
1937 2110 2006 2165 et
2059 2094 2296 2188 Anglia
2319 2152 2344 2184 ‚

326 2211 441 2300 qui
474 2210 546 2279 in
582 2207 1024 2279 Seminarium
1059 2206 1145 2276 al>
1182 2208 1302 2277 illo
1342 2206 1606 2300 excepti
1645 2208 2085 2300 praeceptoris
2125 2210 2342 2279 officio

328 2321 763 2413 fungebantur
779 2370 797 2389 .
822 2322 965 2392 Hos
982 2320 1157 2391 idem
1194 2322 1568 2391 necessaria
1594 2322 1871 2413 pecunia
1895 2340 1964 2393 et
2001 2325 2352 2395 vestimen-⁷

331 2440 417 2510 tis
442 2436 899 2524 instruxit,ne
938 2438 1077 2512 ulla.
1092 2454 1540 2530 premerentur
1576 2435 1879 2530 impensa
1919 2438 2176 2510 itineris
2197 2443 2305 2531 (3)
2328 2497 2347 2512 .

405 2559 593 2629 Idem
612 2575 973 2650 ,praeterea
996 2560 1393 2653 episcopalis
1418 2559 1728 2630 tabularii
1765 2558 2012 2628 reditus
2051 2561 2356 2632 omnium

312 2671 565 2765 primus
609 2671 863 2766 redegit
908 2673 993 2746 ad
1038 2693 1341 2744 normam
1388 2699 1429 2743 a
1473 2671 1730 2764 legibus
1773 2670 2162 2740 Pontificum
2199 2713 2222 2755 ,
2279 2681 2354 2740 et

310 2791 399 2862 ab
432 2789 803 2862 Innocentii
852 2792 1206 2883 praecipue
1242 2793 1345 2862 XI
1390 2787 1878 2864 Constitutione
1931 2807 2104 2859 anno
2173 2789 2348 2880 1678

308 2909 785 3002 praescriptam
806 2960 823 2978 .
853 2907 1339 2980 Redundabant
1364 2909 1439 2978 hi
1476 2911 1682 2980 etiam
1716 2911 1802 2982 ad
1837 2906 2196 2982 utilitatem
2233 2907 2352 2978 Se-

284 3031 617 3101 =:uinarii-
639 3029 773 3102 Sed
810 3027 927 3100 ille
962 3027 1323 3100 utilitatem
1361 3030 1736 3121 quamlibet
1772 3022 2188 3122 negligebat,
2225 3029 2352 3098 im·

312 3163 430 3216 mo
466 3147 720 3218 nullam
760 3141 1075 3239 putabat,
1097 3143 1217 3218 ubi
1252 3169 1439 3220 secus
1472 3149 1837 3241 postularet
1869 3143 2204 3218 Ecclesiae
2234 3145 2352 3216 bo·

312 3281 481 3336 num
526 3262 676 3356 (4).
711 3264 792 3332 In
827 3260 1213 3334 lustratione
1266 3261 1590 3336 dioecesis
1647 3277 1924 3356 quatuor
1959 3285 1998 3331 e
2046 3259 2356 3332 Semina·

1334 3422 1667 3454 ww

400 3526 501 3610 (ι)
544 3529 698 3590 Acta
741 3529 945 3590 Beatif.
984 3527 1071 3592 Τ.
1109 3525 1191 3592 11.
1233 3523 1513 3593 Summar.
1552 3527 1684 3612 pag.
1731 3547 1862 3590 no.

400 3629 501 3710 (2)
544 3629 863 3692 Cordara‘
844 3653 907 3690 m
944 3632 1065 3694 vita
1102 3629 1286 3711 ejusd.
1326 3631 1490 3693 Beati
1516 3631 1672 3696 P.1.
1714 3653 1769 3694 e.
1816 3650 1908 3694 12.
1949 3642 2008 3694 et
2042 3629 2200 3690 Aet.
2179 3620 2356 3688 Bea-

325 3729 420 3799 tit.
454 3735 539 3799 Τ.
572 3735 651 3800 11.
692 3737 975 3799 summat.
1002 3755 1134 3819 pag.
1178 3739 1308 3800 108.

407 3835 513 3920 (ὃ)
550 3839 701 3904 md,
743 3841 835 3906 Τ.
869 3845 979 3911 lv.
1024 3847 1301 3909 summu.
1342 3865 1472 3930 pag.
1518 3869 1622 3928 9²·

410 3949 515 4036 (4)
554 3945 709 4018 Ihid·
749 3945 839 4018 'I‘-
878 3953 959 4018 11.
996 3951 1275 4020 Summam.
1318 3972 1449 4041 pag.
1491 3956 1593 4031 84.
