3125 4975
1021 329 1298 380 sestam
1335 328 1697 390 san-mom
2244 306 2389 395 337.

343 455 592 548 sumpti
615 509 632 524 .
657 456 878 526 Facile
905 471 1240 546 praeterea
1279 452 1495 523 vitiari
1531 470 1803 543 possunt
1832 469 2027 544 atque
2052 453 2377 544 perverti.

345 576 608 666 Quibus
633 575 888 646 vicibus
921 599 1052 644 non
1087 591 1224 644 tam
1253 572 1450 643 facile
1475 571 1763 641 obnoxia
1798 589 1949 641 sunt
1982 575 2251 644 alterius
2274 595 2387 664 ge·-

343 690 519 758 neris
543 704 1004 759 monumentaz
1043 688 1446 758 numismata
1483 686 1738 756 scilicet
1754 688 2063 784 ‚metalla
2084 741 2105 772 ,
2138 686 2381 756 inseri-

344 804 644 892 minues,
687 807 1028 872 ‘mannora
1067 819 1134 870 et
1191 803 1320 870 alia
1349 800 1735 892 hujusmodi
1766 852 1781 866 .
1842 801 1964 868 His
2023 791 2377 890 praecipue

344 937 638 990 servatur
673 922 910 992 veritas
945 922 1320 1010 incorrupta
1345 971 1360 988 .
1381 918 1488 988 Ab
1529 919 1634 988 his
1656 918 1999 988 Bartholus
2034 917 2118 987 ad
2152 941 2229 988 ea
2257 919 2379 986 de·-

345 1039 604 1109 scendit
633 1093 654 1125 ,
701 1064 869 1130 quae
906 1038 1109 1132 objici
1149 1038 1364 1107 solent
1401 1037 1486 1106 ab
1543 1036 1931 1106 adversariis
1956 1087 1975 1120 ‚
2024 1053 2091 1104 et
2138 1036 2375 1106 eadem

339 1156 574 1250 diluit,
633 1182 710 1227 ac
749 1157 982 1248 probat
1028 1155 1431 1225 numismata
1474 1155 1859 1244 praesertim
1902 1171 1969 1222 et
2003 1153 2377 1246 inscriptio.

334 1295 452 1340 nes
490 1272 706 1339 valere
745 1271 1100 1338 admodum
1141 1270 1222 1337 ad
1265 1285 1512 1340 certam
1570 1268 1877 1336 notitiam
1916 1271 2227 1358 temporis
2286 1293 2363 1338 ac

337 1383 504 1467 loci,
545 1383 966 1471 maximeque
1005 1381 1320 1450 inservire
1361 1379 1675 1449 historiae
1698 1431 1715 1448 .
1742 1380 1919 1469 Quin
1968 1383 2073 1450 vel
2110 1384 2373 1473 spuriae

336 1500 838 1588 inscriptiones,
877 1501 1094 1590 inquit
1109 1517 1218 1585 ‚et
1253 1499 1550 1570 fabulosa
1593 1499 1993 1568 numismata
2034 1518 2257 1590 aperte
2303 1527 2369 1570 e.

337 1611 610 1681 vincunt
647 1637 860 1683 rerum
899 1594 1187 1695 istarum·
1213 1615 1496 1703 pretium
1520 1665 1537 1681 .
1602 1609 1823 1683 Nemo
1859 1613 2189 1704 siquidem
2250 1614 2373 1682 de-

333 1731 698 1820 pravandas
736 1709 1024 1802 curasset
1059 1731 1178 1800 has
1227 1733 1643 1822 antiquitatis
1684 1731 1993 1823 reliquias
2019 1785 2043 1819 ,
2080 1731 2139 1800 si
2178 1753 2369 1802 veras

333 1847 576 1916 nullius
613 1869 756 1917 esse
781 1847 1103 1938 'ponderis
1141 1848 1532 1918 credidisset
1562 1902 1579 1917 .
2286 1923 2291 1930 ‚

422 1961 588 2030 Mox
627 1960 706 2030 ad
749 1961 1024 2032 alteram
1064 1978 1320 2052 partem
1377 1953 1615 2032 transit
1672 1963 2151 2032 dissertationis
2205 1985 2359 2052 pro-

325 2077 621 2170 positae3
660 2102 738 2149 ac
774 2081 1134 2169 plurimum
1171 2082 1300 2150 sibi
1341 2082 1703 2170 plaudit-in
1744 2106 1861 2167 eo,
1887 2083 2090 2173 quod,
2120 2105 2357 2172 quem-

328 2193 682 2264 admodum
723 2211 914 2262 antea
973 2195 1224 2284 primus
1263 2195 1691 2264 celeberrimo
1728 2196 1973 2263 Poleno
2008 2177 2079 2262 in
2121 2195 2355 2286 physi-

327 2305 436 2371 cis.
463 2303 928 2392 experimentis
970 2304 1273 2371 inserviit
1305 2354 1324 2385 ,
1379 2307 1473 2372 ita
1534 2301 1709 2372 nunc
1747 2307 2043 2375 omnium
2096 2308 2349 2396 primus

325 2417 596 2490 accedat
651 2416 733 2485 ad
787 2415 1250 2484 illustrandum
1307 2439 1661 2483 veronense
1720 2441 2059 2504 museum,
2096 2445 2135 2489 a
2188 2420 2349 2492 Ma..

325 2536 527 2629 phejo
562 2538 707 2627 ipso
743 2535 942 2603 ‘illius
997 2551 1256 2604 auctore
1310 2524 1631 2603 excitatus
1654 2563 1689 2603 .’
1714 2538 1881 2604 Eum
1930 2536 2152 2625 itaque
2206 2540 2351 2607 lau-

321 2656 482 2741 dat,
521 2656 696 2746 quod
743 2654 838 2723 ibi
883 2678 1188 2727 museum
1231 2655 1512 2723 erexerit
1539 2707 1560 2738 ‚
1598 2652 1711 2722 ubi
1770 2653 2045 2725 illustris
2090 2654 2349 2723 Acade-

321 2776 457 2845 mia
490 2828 510 2860 ,
557 2776 662 2845 cui
704 2798 940 2845 nomen
981 2774 1264 2845 inditum
1307 2773 1862 2865 philarmonicae.
1912 2774 2071 2866 Ejus
2126 2773 2349 2842 archi-

317 2904 634 2959 tecturam
675 2888 1030 2958 describit.
1067 2889 1352 2959 Disserit
1402 2890 1484 2957 de
1525 2890 1777 2981 graecis
1816 2889 2169 2979 latinisque
2230 2888 2341 2960 in..

321 2984 828 3097 scriptionibus,
889 3031 1242 3097 earumque
1279 3008 1470 3098 copia
1530 3025 1600 3077 et
1658 3007 2138 3099 pulcritudine,
2178 3032 2345 3099 qua-

323 3144 468 3188 rum
523 3121 873 3191 nonnullae
931 3119 1220 3189 ineditae
1255 3174 1271 3190 .
1329 3123 1771 3193 Commendat
1826 3122 2169 3207 ordinem,
2208 3146 2341 3215 quo

310 3231 564 3321 lapides
591 3230 966 3314 distributi,
1005 3232 1110 3301 cui
1152 3236 1544 3322 respondere
1587 3236 1761 3323 dicit·
1790 3234 2107 3305 materiae
2145 3256 2327 3327 prae.

319 3346 634 3415 stantiam
671 3363 738 3414 et
771 3346 989 3436 operis
1027 3347 1372 3417 artificium
1397 3398 1414 3417 .

400 3466 506 3533 De
561 3464 646 3533 iis
701 3487 854 3533 vero
907 3462 1258 3553 praecipue
1317 3478 1681 3548 memorat,
1718 3461 1955 3554 quibus
1993 3468 2195 3537 Emus
2250 3490 2332 3549 eq

311 3598 704 3672 tempestate
744 3578 1116 3669 veronensis
1155 3594 1451 3669 praetor,
1487 3594 1557 3646 et
1606 3578 1838 3649 harum
1895 3585 2106 3652 rerum
2144 3584 2324 3671 peri-

318 3717 420 3769 tus
474 3702 597 3770 hoc
653 3699 870 3790 ipsum
933 3722 1234 3768 museum
1293 3698 1647 3768 ditaverat.
1696 3698 1821 3769 His
1870 3700 2327 3793 inscriptiones

309 3819 610 3915 adjungit
647 3816 1096 3924 ibidem-sitas
1119 3869 1141 3905 ‚
1182 3839 1347 3907 quae
1383 3815 1715 3907 pertinent
1744 3828 1833 3921 ‘sd
1868 3818 2279 3897 Christianos
2297 3870 2324 3907 ,

303 3960 604 4043 quaeque
657 3953 960 4016 exaratae
1016 3934 1276 4013 fuerunt
1324 3938 1546 4015 medio
1599 3960 1793 4015 sevo,
1848 3940 1991 4017 Hes
2040 3930 2325 4037 'exponit
