3125 4975
825 345 970 437 43⁰
1748 330 1917 408 'viri

812 448 1153 560 incubuit,
1189 472 1265 544 ac
1313 445 1395 543 de
1443 442 1550 540 his
1598 471 1871 561 quidem
1928 443 2255 542 disserere
2310 471 2523 566 jussus
2578 444 2879 566 publice'

816 595 890 662 'se
950 590 1307 682 plurimum
1361 585 1854 656 commendavit
1914 585 2125 654 doctis
2170 586 2381 682 ‘vir-ia,
2416 587 2551 677 qui.
2588 611 2679 658 ex
2720 607 2874 660 tota

813 709 978 780 urbe
1031 708 1464 776 convenerant
1525 701 1612 770 ad
1666 701 1821 769 eum
1894 700 2295 770 audiendum
2330 755 2345 770 .
2398 703 2601 771 Paulo
2668 707 2869 794 p'ost,

815 833 958 904 VII
993 827 1136 898 Cal.
1177 821 1484 896 Octobris
1521 845 1678 919 auru
1712 815 1885 916 1749'
1919 819 1995 890 in'
2029 845 2211 892 sacro
2250 821 2557 911 patavino
2584 822 2863 892 theolo-

819 969 1044 1038 gorum
1081 941 1379 1033 Collegio'
1416 940 1625 1008 simili
1666 938 2026 1008 certamine
2064 936 2325 1010 functus
2362 937 2670 1038 prospere
2710 940 2863 1010 lau-

811 1085 924 1128 rea
961 1061 1274 1140 donatur,
1311 1071 1381 1123 et
1417 1053 1486 1122 in
1525 1051 1783 1122 coetum'
1822 1052 2087 1122 illo'rum'
2112 1053 2373 1143 patrur'n
2406 1053 2857 1139 adscribitur,

817 1175 976 1245 ιἰιοιι
1011 1161 1354 1264 cooptatur
1391 1169 1564 1240 inter
1602 1169 1955 1240 Seminarii
1998 1170 2377 1290 magistros.

905 1292 965 1358 A
1001 1279 1451 1408 grammaticis
1509 1282 2081 1374 praeceptionibus
2132 1279 2369 1354 munus
2422 1307 2731 1368 exorsus,
2778 1303 2851 1354 et

816 1400 1090 1471 ulterius
1121 1398 1384 1502 semper
1421 1421 1793 1489 progressus
1818 1421 1895 1466 eo
1935 1397 2267 1488 pervenit,
2300 1399 2471 1467 unde
2502 1399 2849 1489 proximus

815 1515 1000 1607 patet
1037 1513 1254 1584 aditus
1294 1495 1379 1582 ad
1401 1511 1853 1582 rhetoricam.
1894 1510 2160 1601 Ubique
2198 1512 2477 1625 diligens
2514 1528 2583 1582 et
2619 1513 2845 1582 inten-

813 1646 920 1698 tus
955 1599 1436 1720 investigabat,
1473 1633 1603 1716 qua
1642 1625 1919 1717 quisque
1958 1626 2279 1696 industria
2314 1642 2381 1694 et
2416 1626 2679 1717 ingenio
2734 1652 2847 1696 es-

813 1769 952 1834 set,
987 1773 1064 1818 ac
1109 1771 1296 1816 suam
1330 1747 1414 1814 ad
1452 1748 1857 1836 singulorum
1897 1762 2164 1837 captum
2204 1745 2691 1848 institutionem
2734 1773 2843 1818 ac-

813 1866 1237 1940 commodans
1279 1864 1575 1934 οιιιιιίιιιιι
1614 1849 1971 1936 utilitatem
1992 1864 2357 1958 promovita
2384 1865 2577 1936 Brevi
2614 1857 2839 1938 tamen

808 1959 981 2052 haue
1037 1977 1442 2070 provinciam
1491 1979 1741 2048 tenuit:
1780 1979 2201 2074 Superiomu
2246 1979 2429 2050 enini
2482 1980 2839 2052 auctorita·

813 2111 920 2178 te,
957 2095 1195 2183 quihus
1257 2093 1603 2181 perspecta
1642 2095 1901 2184 prorsus
1938 2093 2121 2166 illius
2185 2091 2493 2181 solertia,
2548 2095 2831 2186 profiteri

804 2211 1024 2299 coepit
1059 2185 1378 2278 bonarum
1419 2208 1660 2278 artium
1698 2223 2041 2298 parentem
2080 2198 2149 2278 et
2186 2209 2483 2280 altricem
2536 2209 2831 2300 philoso-

803 2327 1032 2419 phiam
1055 2379 1072 2398 .
1113 2301 1582 2396 Adulescentes
1597 2351 1619 2412 ‚·
1656 2347 1935 2418 quorum
1989 2307 2161 2398 laeta
2210 2328 2465 2398 indoles
2526 2351 2603 2398 ae
2640 2326 2831 2396 festi-

799 2466 922 2527 va,
957 2465 998 2511 a
1033 2439 1368 2513 rhetorun'i
1425 2441 1941 2514 amoenitatibus
1988 2441 2074 2515 ad
2114 2442 2277 2515 haee
2316 2439 2641 2545 severiora
2698 2461 2833 2515 tra-

805 2556 990 2631 ducti
1031 2562 1159 2627 nou
1201 2580 1344 2627 raro
1381 2556 1656 2627 haerent
1712 2554 2197 2649 quodammodo
2254 2553 2661 2644 exanimati,
2709 2586 2829 2633 nec

803 2675 1022 2746 sciunt
1031 2656 1218 2770 quid
1255 2676 1581 2763 audeant,
1617 2698 1749 2771 quo
1786 2700 1861 2747 se
1898 2668 2194 2762 vertant,
2223 2679 2467 2749 no‘vutn
2505 2656 2689 2769 quasi
2728 2705 2831 2750 or-

795 2786 954 2859 bem
1017 2788 1333 2881 ingressi.
1390 2790 1518 2860 His
1572 2791 1690 2861 ille
1724 2784 1988 2877 aderat,
2026 2792 2559 2885 unumquemque
2620 2795 2817 2865 §eluti

798 2932 1000 2977 manu
1057 2910 1339 2993 ducens,
1393 2925 1464 2977 et
1525 2909 1612 2979 ad
1678 2926 1921 2979 rectam
1988 2912 2573 3013 ratiocinationem
2615 2913 2822 2985 infor-

796 3024 1024 3093 r'nans.
1061 3024 1170 3091 De
1203 3020 1330 3093 hoe
1365 3022 1438 3094 in
1497 3024 1733 3125 primis
1784 3026 2144 3113 sollicitus,
2181 3046 2255 3098 ιιι
2308 3028 2497 3101 eante
2550 3007 2815 3099 incede:

793 3152 980 3219 rent,
1019 3159 1140 3207 nec
1179 3148 1552 3229 paterentur
1590 3130 1923 3229 quaelibet
1958 3142 2091 3211 sibi
2128 3142 2390 3213 obtrudi
2414 3196 2435 3227 ,
2462 3144 2811 3235 aliquando

791 3277 924 3323 non
965 3254 1107 3325 sine
1143 3256 1440 3329 maximo
1477 3258 1814 3350 religionis
1852 3285 1931 3330 ae
1971 3261 2227 3333 motuni
2266 3260 2547 3333 damno.

887 3371 1164 3441 Interim
1202 3370 1593 3443 Laurentius
1638 3379 2053 3447 Lorenzonus
2115 3378 2216 3446 vir
2250 3377 2497 3449 latinae
2534 3368 2599 3449 et
2637 3402 2807 3471 grae-

799 3506 916 3553 cae
951 3482 1214 3575 linguae
1255 3486 1490 3576 peritia
1529 3488 1822 3578 pollens,
1882 3492 1995 3583 qui
2062 3491 2299 3561 studiis
2352 3510 2649 3582 praeerat
2700 3494 2805 3564 Se-

805 3604 1106 3690 ruium-ii,
1143 3605 1405 3697 eligitur
1443 3608 1510 3677 in
1538 3610 2069 3681 archidiaconum
2088 3612 2499 3704 Collegiatae
2536 3612 2801 3703 insignis

805 3717 873 3787 S.
913 3721 1194 3792 Martini
1237 3722 1320 3793 de
1357 3724 1560 3793 I‘lebe
1614 3725 1839 3798 Sacci.
1886 3726 2127 3799 Statim
2167 3722 2512 3799 arcessitur
2554 3728 2807 3821 Cogno-

789 3835 962 3907 latus
1003 3864 1042 3907 e
1083 3839 1538 3932 philosophiae
1580 3844 2056 3930 tabernaculis,
2115 3872 2191 3917 ac
2244 3864 2501 3940 praeter
2554 3874 2801 3919 morem

789 3952 861 4021 in
899 3952 1040 4047 ejus
1079 3954 1299 4029 locum
1337 3955 1657 4029 sufficitur
1680 4012 1696 4031 .
1732 3962 2097 4058 Multiplex
2139 3988 2333 4058 porro
2378 3964 2505 4037 hoc
2564 3986 2801 4034 munus
