3125 4975
1073 327 1350 382 sestam
1387 327 1657 378 ‘roAmr
2250 329 2381 401 091

363 473 478 524 sua
518 447 710 543 longe
749 448 1246 545 anion-quue
1283 449 1414 516 sibi
1454 445 1820 539 adjumenti
1882 441 2243 537 plurimum
2282 465 2387 518 at·-

367 569 595 658 tulisse
655 584 931 638 testatur
987 565 1072 645 ,ad
1127 564 1446 658 quasdam
1497 564 1751 655 regulas
1789 563 2269 654 stabilienda33
2306 590 2395 636 ex

365 687 600 782 quibus
657 686 1014 766 admodum
1069 683 1510 776 probabiliter
1556 682 1798 773 conjici
1852 701 2121 773 possent
2172 683 2390 756 futura

366 829 584 878 rerum
624 805 1018 876 naturalium
1059 819 1332 882 eventa,
1389 805 1530 882 Has
1568 803 1685 872 ille
1721 802 1977 893 regulas
2031 804 2393 894 appellavit

367 921 684 1008 Alorismi
718 921 1225 1016 meteorologici
1239 921 1268 997 ‘0
2120 911 2131 922 ’

461 1043 650 1129 Quae
703 1039 1064 1124 hactenus,
1100 1040 1516 1113 continentur
1570 1037 1641 1110 in
1688 1059 1767 1106 eo
1804 1037 2176 1126 volumine,
2215 1041 2391 1132 quod

369 1153 708 1264 inscripsit
761 1151 1012 1250 Saggie
1063 1149 1613 1242 meteorologico.
1681 1154 1825 1226 Hoc
1876 1153 2039 1222 italo
2086 1179 2389 1224 sermone

371 1274 713 1361 exposuit,
747 1270 927 1360 ,quod
964 1264 1178 1344 doctis
1214 1266 1570 1352 scriberet,
1608 1283 1675 1336 et
1704 1267 2031 1344 indoctis.
2080 1272 2393 1340 Hortatur

370 1383 554 1454 enim
607 1405 838 1456 omnes
895 1380 978 1450 ad
1033 1379 1198 1454 haec
1244 1379 1753 1475 inquirenda-eo
1790 1383 2217 1466 consilio,.ut
2254 1386 2395 1475 pla-

371 1519 532 1564 num
589 1495 740 1582 fiat,
779 1517 938 1572 num
1009 1497 1450 1583 temperentur
1504 1493 1651 1585 lege
1690 1493 1913 1585 aliqua
1962 1512 2386 1586 tempestates

375 1635 454 1681 ac
493 1611 888 1688 mutationes
929 1610 1272 1701 temporis,
1309 1614 1502 1688 Esset
1539 1611 1719 1690 enim
1744 1612 2039 1704 cognitio
2066 1613 2229 1684 haec
2262 1641 2397 1684 ma-

381 1725 568 1796 ximo
619 1724 810 1804 nobis
861 1724 1008 1804 usui
1057 1725 1130 1800 in
1183 1725 1366 1793 omni
1423 1725 1597 1809 vita,
1652 1725 2189 1797 ad‘medicinam
2243 1751 2403 1819 prae

379 1839 656 1930 ceteris,
679 1837 1151 1928 adnavigandi
1181 1820 1422 1922 artem,
1465 1853 1532 1908 et
1561 1838 1646 1906 ad
1678 1861 1979 1930 agrorum
2006 1841 2360 1910 culturam.

473 1955 558 2022 Et
593 1953 678 2030 ad
715 1951 885 2032 hanc
931 1950 1200 2042 quidem
1257 1949 1685 2038 utilissimam
1738 1973 1883 2019 esse
1931 1952 2404 2046 meteorologi-

377 2087 529 2152 cam
564 2065 912 2144 scientiam
953 2043 1534 2142 demonstrandum
1559 2080 1805 2154 -postea
1841 2067 2131 2157 suscepit
2170 2068 2407 2138 disser-

375 2180 665 2266 tatione,
721 2183 983 2278 saepius
1039 2182 1300 2272 vulgata
1359 2199 1552 2274 post,
1611 2199 1679 2252 et
1732 2186 1953 2275 plures
2008 2185 2079 2256 in
2138 2185 2401 2277 linguas

379 2321 568 2368 versa
591 2349 606 2366 .
647 2299 834 2374 Hanc
874 2299 1108 2386 gallice
1147 2300 1459 2388 scriptam
1503 2301 1688 2369 misit
1726 2302 1811 2370 ad
1844 2305 2099 2394 regiam
2131 2305 2409 2374 societa-

381 2433 519 2485 tem
576 2411 1168 2505 monspeliensem,
1236 2437 1276 2491 a
1327 2438 1456 2505 qua
1513 2417 1739 2493 statim
1794 2415 1974 2497 edita
2030 2422 2400 2511 praemium

380 2534 640 2605 retulit.
683 2530 991 2605 Venetiis
1031 2530 1339 2607 eamdem
1374 2532 1647 2621 protulit
1708 2548 1881 2601 anno
1941 2534 2111 2623 1775
2166 2558 2401 2607 exara..

383 2671 516 2722 tam
555 2674 858 2722 sermone
897 2649 1093 2735 itale,
1127 2665 1196 2719 et
1233 2650 1406 2719 hunc
1447 2648 1923 2745 praeferentem
1960 2650 2029 2719 in
2068 2650 2283 2723 fronte
2322 2657 2401 2735 ti,-

381 2774 592 2842 tulum
631 2799 648 2841 :
707 2772 809 2839 La
870 2764 1346 2861 meteorologr'a
1403 2766 1745 2859 applicata
1804 2766 1923 2837 ale
1945 2766 2359 2862 agricoltum
2382 2826 2401 2843 .

475 2884 886 2980 Querebatur·
921 2886 1176 2965 interea
1210 2888 1457 2981 Joseph
1498 2913 1536 2958 a
1578 2886 1789 2959 doctis
1825 2912 1957 2965 non
1992 2868 2409 2981 ’magnopere

383 3006 586 3075 fuisse
619 3004 952 3075 excultam
991 3004 1458 3075 Meteoromm,
1494 3001 1905 3095 doctrinam,
1948 3018 2203 3091 partem
2244 3002 2409 3071 adeo

378 3126 617 3191 utilem
657 3120 969 3212 physicae
1009 3108 1433 3208 disciplinae3
1464 3120 1623 3207 quin
1663 3114 2020 3214 aliquando
2055 3117 2257 3188 fuisse
2298 3144 2409 3189 ne-

391 3240 672 3328 glectam
720 3254 790 3305 et
850 3234 1160 3324 imperito
1218 3235 1412 3325 vulgo
1459 3236 1802 3311 relictam,
1862 3236 2054 3304 Hane
2106 3236 2413 3305 omnibus

387 3353 687 3439 impense
725 3347 1048 3431 inculcat,
1104 3341 1187 3415 in‘
1229 3371 1358 3438 qua
1411 3350 1855 3438 promovenda
1910 3348 2232 3425 laboravit
2288 3352 2408 3420 ille

389 3466 748 3560 plurimum
795 3482 926 3534 toto
961 3489 1118 3536 suae
1158 3465 1334 3535 vitae
1381 3456 1573 3536 cursu
1598 3518 1614 3539 .
1656 3464 1803 3539 Sibi
1841 3465 2019 3542 enim
2056 3490 2413 3562 proposue-

391 3603 494 3656 rat
547 3584 900 3677 expedire,
955 3608 1084 3676 qua
1137 3584 1388 3653 ratione
1426 3586 1667 3655 melius
1705 3600 1963 3675 posset,
2001 3609 2139 3659 rem
2180 3572 2414 3686 impli}

389 3716 608 3769 catam
664 3722 924 3790 prorsus
963 3714 1030 3767 et
1066 3714 1547 3768 controversam
1580 3753 1599 3784 ,
1640 3724 1845 3791 eoque
1880 3700 2185 3771 eamdem
2237 3698 2417 3769 redi-

395 3838 579 3905 gere,
619 3829 690 3880 ut
727 3810 1050 3903 generalis
1090 3812 1424 3912 doctrinae
1463 3812 1599 3881 vim
1638 3813 1967 3883 obtineret
1993 3865 2010 3883 .
2050 3814 2129 3883 Id
2170 3812 2415 3903 praeci-

393 3950 524 4021 pue
563 3941 835 4019 apparet
873 3948 956 3996 ex
995 3926 1120 3997 hoc
1186 3927 1418 3999 eodem
1473 3927 1888 4017 volumine„
1914 3926 1995 3999 de
2046 3950 2174 4021 quo
2226 3944 2419 3999 ante.
