3125 4975
857 357 1000 451 554
1133 400 1148 413 -
1772 362 1945 423 ma

839 514 985 567 erat
1029 490 1571 568 molestissimum
1594 522 1641 560 .·
1678 494 1818 561 Hoc
1856 492 2035 561 idem
2082 486 2383 580 pluribus
2424 489 2585 561 viris
2624 491 2889 567 accidit

839 616 1152 687 litteratis
1171 667 1194 699 ,
1229 613 1581 705 praecipue
1620 624 1841 681 autem
1882 608 2096 701 poetis
2116 659 2137 678 .

929 733 1224 807 Ardebat
1261 755 1450 821 porro
1487 729 1833 800 Bartholus
1870 728 2193 799 honarum
2230 728 2472 799 artium
2502 730 2875 821 cupiditate

833 851 969 937 sic,
999 868 1072 921 ut
1106 851 1178 921 in
1215 849 1396 919 nullo
1435 872 1749 939 umquam
1788 846 2063 917 fortasse
2098 847 2293 917 fuerit
2326 849 2701 941 flagrantius
2728 866 2874 920 stu-

831 968 1056 1037 dium.
1111 964 1392 1037 Nullum
1445 985 1592 1033 esse
1628 963 1811 1032 diem
1850 962 2257 1053 patiebatur,
2292 962 2455 1052 quin
2490 984 2607 1031 eas
2662 986 2863 1033 exco-

829 1086 1035 1173 leret3
1073 1083 1344 1155 easdem
1397 1080 1829 1173 promovebat
1862 1080 2317 1150 assiduissime
2342 1078 2597 1151 ,Unde
2644 1079 2873 1169 priva-

829 1214 978 1269 tarn.
997 1197 1182 1290 quasi
1220 1198 1618 1287 palaestram
1658 1194 1915 1284 aperuit
1935 1245 1952 1262 .
1980 1196 2057 1264 In
2082 1194 2251 1263 hanc
2290 1191 2669 1282 excipiebat
2700 1193 2863 1263 ami-

827 1334 938 1379 cos
989 1310 1354 1379 liberaliter
1397 1308 1789 1378 erudiendos
1818 1360 1833 1375 .
1892 1306 1997 1377 Ibi
2036 1306 2121 1377 de
2160 1306 2699 1397 philosophorum
2736 1307 2863 1377 do·-

825 1430 1096 1513 etrinis‚
1131 1410 1739 1498 de'amoenioribus
1776 1422 2057 1509 litteris,
2082 1422 2169 1493 de
2198 1422 2421 1515 lingua
2446 1445 2715 1513 graeca,
2750 1425 2857 1496 cui

823 1559 968 1611 erat
1028 1540 1482 1610 deditissimus
1509 1588 1540 1606 .-
1592 1538 1699 1609 Ad
1760 1532 2029 1627 plenam
2084 1535 2282 1631 hujus
2346 1537 2855 1629 intelligentiam

823 1658 954 1727 sibi
993 1657 1458 1749 acquirendam
1499 1656 1898 1746 optimorum
1932 1676 2309 1745 graecorum
2330 1672 2665 1725 auctorum
2706 1655 2858 1726 scri-

824 1754 981 1867 pta,
1019 1792 1160 1843 turn
1201 1798 1369 1865 quae
1405 1775 1619 1845 soluta
1650 1774 1983 1859 numeris,
2008 1790 2149 1842 mm
2178 1794 2345 1865 qvae
2380 1794 2589 1858 nexa,
2618 1774 2685 1840 in
2723 1775 2857 1844 ita-

809 1895 950 1965 lum
989 1916 1356 1963 sermonem
1389 1896 1625 1978 vertit,
1658 1908 1937 1985 suasque
1973 1893 2305 1963 versiones
2340 1912 2543 1983 saepe
2574 1916 2655 1962 ac
2704 1918 2849 1963 sae-

820 2013 970 2103 pius
1007 2012 1284 2080 contulit
1319 2035 1470 2082 cum
1511 2012 1973 2105 autographis,
2028 2028 2103 2083 ut
2145 2035 2251 2083 ex·
2283 2011 2427 2105 ejus
2461 2010 2671 2102 ipsius
2718 2012 2853 2102 epi-

821 2122 1010 2197 stolis
1057 2128 1330 2199 eruditis
1367 2131 1744 2223 colligimus
1766 2183 1783 2201 .
1824 2131 2157 2203 Litterarii
2194 2154 2457 2222 quoq-ue
2498 2148 2853 2202 conventus

815 2238 904 2309 ab
959 2262 1038 2311 eo
1091 2240 1377 2311 instituti
1439 2260 1506 2311 et
1552 2242 1920 2313 identidem
1976 2244 2192 2315 habiti
2232 2244 2413 2315 domi
2453 2270 2645 2329 suae,
2688 2268 2847 2337 qnos

815 2352 999 2423 idem
1039 2354 1480 2427 intermittere
1523 2374 1787 2427 coactus
1826 2375 2095 2447 postea.

904 2474 1190 2544 Decreto
1227 2474 1484 2547 scilicet
1517 2494 1784 2549 senatus
1820 2478 2041 2548 veneti
2088 2476 2411 2550 inducta'
2392 2503 2463 2549 m
2500 2460 2843 2572 publicum

813 2587 1201 2676 patavinum
1267 2590 1713 2674 Gymnasium
1776 2608 1882 2660 est
1942 2591 2067 2660 sub
2112 2591 2381 2664 initium
2456 2599 2847 2690 ann.1739

715 2769 722 2774 .
811 2699 1274 2792 philosophia,
1311 2725 1510 2791 quae,
1551 2727 1702 2773 curn
1742 2705 2217 2795 experimentis
2266 2725 2557 2790 constet,
2598 2709 2849 2782 dicitur

813 2819 1010 2910 vulgo
1061 2819 1637 2906 experimentalis.
1695 2822 1908 2915 Hujus
1964 2824 2321 2896 tradendae
2355 2851 2577 2898 curam
2615 2853 2840 2898 susce-

809 2928 916 3017 pit
964 2931 1248 3000 'Joannes
1287 2931 1609 3018 Polenus,
1666 2937 2275 3024 praestantissimus
2312 2941 2385 3009 in
2432 2941 2663 3010 eodem
2698 2945 2833 3012 Ar-

805 3045 1265 3136 chigymnasio
1321 3053 1833 3124 mathematicae
1890 3057 2285 3150 disciplinae
2321 3059 2680 3151 professor,
2718 3059 2827 3130 cui

803 3161 1082 3231 accessit
1129 3166 1384 3258 -Joseph
1415 3169 1801 3256 Bartholus,
1850 3195 2047 3262 quem
2084 3174 2231 3264 ipse
2286 3175 2416 3244 sihi
2473 3175 2543 3244 in
2579 3175 2831 3269 adjuto-

809 3293 951 3341 rem
1009 3277 1296 3368 elegerat
1351 3283 1491 3373 (1).
1545 3287 1637 3352 At
1676 3285 1787 3354 hic
1836 3286 2267 3380 tres-circiter
2303 3313 2507 3359 annos
2546 3305 2695 3381 post
2730 3287 2837 3358 fa-

803 3383 1122 3456 cultatem
1160 3391 1446 3464 obtinuit
1473 3394 1871 3492 dimittendi·
1886 3399 2195 3468 collatum
2236 3425 2473 3471 munus
2502 3403 2609 3492 (2)
2638 3455 2652 3470 .
2684 3404 2837 3491 Qua

807 3503 1227 3596 potissimum
1281 3513 1364 3583 de
1417 3539 1614 3587 causa
1648 3519 1993 3589 Bartholus
2034 3520 2105 3590 id
2144 3521 2451 3612 petierit,
2498 3545 2629 3590 non
2664 3519 2836 3590 defi-

1467 3725 2134 3755 mmmmmmu

885 3878 986 3960 (ι)
1028 3884 1385 3952 Facciolatus
1425 3891 1489 3952 in
1526 3894 1714 3956 Fastis
1751 3896 2052 3980 Gymnasii
2092 3911 2282 3981 patav.
2328 3899 2414 3962 T.
2438 3899 2495 3960 11
2520 3919 2653 3985 pag.
2684 3905 2825 3978 4¹¹·

881 3993 980 4072 (2)
1023 3990 1244 4059 Ibidem
1265 4038 1286 4060 .
1400 4013 1412 4029 “
