3125 4975
837 336 1060 388 macr
1097 326 1402 385 Ana-omi
1439 334 1861 395 renonum
2224 324 2361 405 332

326 485 510 539 tuam
567 482 642 531 se
695 455 977 529 contulit
1030 470 1098 527 et
1151 454 1508 526 Hostiliam
1568 456 1659 527 ad
1702 458 2107 535 dirimendas
2145 486 2367 555 ,quae-

323 562 574 649 stiones
631 592 812 649 ortas
851 574 1024 645 inter
1065 571 1575 663 Rempublicam
1614 593 1935 651 venetam
1968 596 2037 647 et
2072 583 2373 659 Mariam

321 698 672 771 Teresiam
709 692 1204 787 imperatricem
1243 709 1589 785 augustam
1644 717 1731 767 ex
1764 714 2183 771 controverso
2210 702 2367 795 jure

324 792 398 889 in
437 817 680 889 flumen
718 816 1070 885 Tartarum
1095 863 1112 881 .
1151 811 1262 884 Sic
1301 812 1414 883 ille
1467 812 1642 885 inita
1694 814 1873 905 apud
1909 814 2129 907 plures
2185 823 2367 911 opti..

327 952 540 1011 mates
588 933 804 1025 ‘gratia
857 930 1184 1013 Venetiae
1221 930 1457 1016 rediit,
1491 930 1723 1023 ibique
1781 931 2043 1005 functus
2080 952 2187 1005 est
2236 938 2367 1009 ali..

329 1052 618 1145 quandiu
657 1048 943 1141 publicis
981 1049 1362 1117 muneribus
1397 1073 1550 1118 cum
1592 1050 1889 1121 Lastesio
1910 1102 1928 1119 .
1970 1052 2177 1123 Paulo
2213 1070 2371 1145 post

334 1189 550 1237 rursus
591 1165 896 1237 discessit
932 1186 1086 1235 cum
1124 1176 1470 1255 provectae
1505 1162 1747 1233 aetatis
1762 1214 1785 1249 ‚
1832 1180 1977 1235 tum
2028 1164 2373 1261 chiragrae

331 1279 642 1351 molestia
675 1276 990 1348 affectus:
1031 1299 1110 1345 ac
1139 1298 1244 1351 ,se
1287 1273 1539 1365 recepit
1597 1275 1670 1348 in
1706 1275 1777 1347 S.
1836 1274 2194 1350 salvatoris
2252 1302 2372 1351 ca..

329 1411 538 1469 strum
577 1396 862 1489 benigne
897 1408 1210 1485 exceptus
1247 1418 1288 1465 a
1325 1393 1747 1467 nobilissima
1782 1392 2041 1469 familia
2080 1398 2163 1469 de
2200 1400 2367 1469 col-

331 1512 552 1597 laltis,
587 1514 772 1606 cujus
819 1511 1258 1607 jurisdictioni
1295 1528 1364 1583 et
1401 1514 1713 1604 potestati
1752 1514 1935 1585 locus
1980 1513 2099 1586 ille
2156 1515 2371 1587 ohno-

334 1633 486 1705 xius
513 1683 530 1703 .
567 1630 830 1703 Ibidem
869 1632 1112 1701 mansit
1151 1647 1287 1701 tota
1325 1631 1464 1701 vita
1487 1680 1512 1716 ,
1547 1648 1619 1701 et
1654 1632 1787 1702 alia
1842 1632 2181 1723 quaelibet
2234 1634 2371 1707 sibi

334 1746 558 1831 oblata
581 1798 604 1833 ,
660 1747 816 1817 licet
871 1746 1262 1838 splendida,
1313 1744 1643 1815 recusavit
1678 1743 1891 1815 officia
1913 1798 1936 1830 ,
1988 1746 2211 1817 eidem
2266 1744 2373 1817 fa·-

337 1858 566 1935 miliae
603 1858 1058 1931 deditissimus
1095 1882 1251 1929 eum
1285 1880 1372 1929 ex
1399 1857 1570 1949 grati
1598 1858 1809 1929 animi
1837 1880 2035 1929 sensu
2056 1910 2078 1944 ,
2096 1874 2241 1928 tum
2266 1882 2378 1929 ve·

333 2001 406 2051 ro
443 1977 738 2051 maxime
777 2002 864 2051 ex
901 1972 1032 2049 fide
1071 1977 1230 2049 data
1263 1975 1556 2047 invicem
1591 1993 1663 2046 et
1716 1992 2089 2047 contracta:
2144 1976 2379 2070 ibique

331 2097 568 2193 eadem
601 2098 810 2184 obiit,
845 2120 1016 2189 quae
1053 2094 1228 2187 apud
1271 2096 1567 2167 Venetos
1602 2112 1837 2181 antea,
1879 2118 2150 2167 munera
2172 2146 2191 2165 .
2240 2097 2383 2169 Cu·-

331 2216 423 2289 ris
461 2233 532 2285 et
565 2216 900 2287 laboribus
939 2240 1069 2286 non
1107 2214 1441 2307 pepercit,
1481 2232 1554 2287 ut
1614 2232 1791 2285 sarta
1851 2230 2025 2285 tecta
2080 2228 2377 2287 servaret

335 2330 772 2420 amplissimis
821 2330 982 2399 viris
1041 2330 1444 2401 domesticae
1499 2328 1775 2401 ditionis
1819 2329 1964 2425 jura
2006 2381 2031 2417 ‚
2094 2329 2367 2417 titulos,

342 2443 690 2536 privilegia
709 2495 730 2514 .

445 2555 850 2646 Saepissime
887 2557 1220 2628 consultus
1255 2581 1300 2628 a
1335 2555 1689 2630 clientibus
1715 2555 1799 2624 de
1836 2555 1976 2650 jure
2004 2555 2384 2646 respondit,
2450 2579 2455 2584 ·

339 2687 408 2742 et
449 2669 722 2740 tradidit
756 2671 1156 2742 sententiam
1193 2670 1444 2762 scripto
1467 2721 1486 2740 .
1513 2671 1663 2742 Nec
1698 2668 1855 2739 ideo
1888 2668 2243 2738 intermisit
2270 2691 2389 2759 po-

333 2782 578 2853 litioris
617 2783 954 2854 doctrinae
1005 2784 1222 2858 studia
1244 2835 1262 2855 .
1311 2781 1679 2854 Plurimum
1718 2780 2165 2854 delectabatur
2210 2779 2391 2850 ecri-

337 2896 640 2993 ptoribus
669 2921 820 2972 cum
858 2897 1110 2990 graecis
1148 2913 1218 2970 et
1251 2897 1516 2983 latinis,
1541 2913 1683 2970 tum
1724 2895 1927 2970 etiam
1962 2893 2143 2966 italis
2164 2945 2183 2966 .
2206 2894 2381 2964 Cum

337 3015 488 3100 his,
525 3041 656 3108 qua
693 3033 948 3108 poterat
967 3069 990 3102 ,
1029 3015 1422 3106 assiduitate
1457 3014 1893 3103 versabatur3
1932 3037 2083 3084 cum
2120 3012 2229 3084 his
2283 3011 2395 3084 vi-

343 3134 540 3206 vebat
561 3187 578 3204 .
608 3135 886 3210 Nullum
927 3154 1188 3228 tempus
1223 3137 1326 3208 illi
1387 3159 1709 3227 umquam
1748 3129 2023 3202 vacabat
2061 3155 2103 3199 a
2152 3130 2395 3200 lectio-

343 3274 464 3337 ne,
493 3255 1044 3326 commentatione
1067 3308 1086 3340 ,
1115 3271 1184 3326 et
1206 3308 1228 3342 ,
1261 3254 1376 3326 uhi
1401 3255 1647 3335 liceret
1687 3251 1789 3324 illi
1824 3272 1941 3340 per
1974 3245 2347 3338 chiragram
2368 3299 2393 3335 ,

343 3395 388 3442 a
424 3371 816 3463 scriptione.
865 3374 1036 3445 Italo
1086 3397 1390 3444 sermone
1449 3371 1723 3464 scripsit
1768 3369 1841 3438 in
1876 3368 2105 3436 luxum
2166 3365 2387 3436 dialo-

347 3509 466 3578 gos
484 3535 508 3571 ,
557 3486 794 3578 quibus
851 3489 1134 3578 plurima
1173 3489 1589 3558 continentur
1634 3483 1830 3554 utilia
1866 3480 2191 3554 moribus.
2242 3483 2383 3551 Hos

351 3605 494 3676 stili
533 3609 784 3678 sanitas
821 3623 890 3678 et
924 3607 1210 3680 eruditio
1249 3605 1705 3678 commendat.
1744 3602 1979 3673 Adhuc
2028 3616 2249 3672 tamen
2276 3621 2391 3668 ea..

350 3735 500 3788 rent
551 3721 700 3794 luce
745 3721 1050 3813 publica.
1089 3723 1336 3793 Carent
1387 3737 1456 3791 et
1493 3721 1626 3792 alia
1680 3717 2046 3810 quaedam,
2103 3709 2391 3805 quaein

356 3829 594 3904 italam
631 3835 926 3927 linguam
963 3837 1160 3908 vertit
1194 3859 1280 3906 ex
1315 3834 1595 3928 gallica3
1628 3849 1699 3903 et
1734 3855 1905 3926 quae
1940 3827 2211 3902 aliunde
2244 3823 2387 3898 eol-

353 3943 528 4040 legit
565 3965 634 4022 et
665 3952 936 4050 scripsit
971 3954 1057 4028 ad
1092 3954 1324 4026 civiles
1363 3949 1768 4048 pertinentia
1802 3951 1983 4044 leges
2032 3961 2111 4020 et.
2152 3937 2403 4028 eximia·
