3125 4975
787 330 926 425 274
1756 340 1925 402 vrrA

791 475 1058 567 scripsit
1103 473 1437 556 carmina,
1493 458 1613 539 sed
1666 486 1733 539 et
1786 467 2022 539 habuit
2080 490 2212 537 non
2250 466 2461 539 semel
2516 470 2776 559 publice
2804 516 2829 563 5

792 593 1178 687 praesertim
1215 594 1496 662 Parmae
1533 590 1899 681 descriptus
1939 590 2011 657 in
2048 604 2197 657 eam
2244 586 2571 657 coloniam
2598 641 2619 672 ‚
2656 614 2831 681 quae

789 713 950 781 illuc
985 734 1070 783 ex
1105 734 1378 780 romana
1417 698 1701 779 Arcadia
1726 760 1749 792 ‚
1788 732 1869 778 eo
1907 728 2167 799 quoque
2212 717 2485 797 agente,
2542 692 2828 781 deducta

787 824 1054 895 fuerat.
1097 824 1204 894 Ad
1265 821 1432 893 haec
1481 822 1601 892 ille
1653 822 1983 891 declinare
2038 836 2533 911 nonnumquam
2592 823 2827 895 solitus

791 960 934 1013 erat
969 942 1176 1013 etiam
1217 954 1548 1033 postrema
1589 956 1845 1026 aetate,
1883 940 2048 1010 haec
2084 935 2271 1031 quasi
2320 930 2702 1013 diverticula
2760 968 2831 1013 a·

785 1081 1022 1130 moena
1057 1078 1410 1150 quaerere,
1444 1072 1518 1125 ut
1557 1054 1880 1125 relaxaret
1922 1050 2239 1145 tantisper
2276 1052 2573 1124 animum
2612 1080 2687 1127 ac
2726 1081 2827 1127 re-

784 1175 1084 1247 mitteret
1120 1200 1158 1247 a
1216 1166 1749 1245 contentionibus
1800 1170 2117 1259 summis,
2168 1188 2343 1264 ,quas
2388 1169 2821 1264 impendebat

788 1286 1053 1359 assidue
1107 1288 1180 1357 in
1239 1286 1741 1378 disciplinarum
1798 1286 2155 1373 sublimia,
2202 1286 2554 1379 praecipue
2589 1285 2661 1357 in
2712 1306 2819 1359 res

779 1402 1287 1475 mathematicas
1314 1446 1332 1469 ⁴

872 1520 1232 1588 Ferebatur
1275 1515 1457 1586 enim
1495 1514 1554 1584 is
1594 1506 1679 1585 ad
1724 1512 2102 1609 hujusmodi
2140 1514 2357 1583 studia
2396 1538 2547 1585 cum
2572 1514 2815 1587 intimo

715 1680 728 1701 .
780 1636 1070 1723 quodam
1110 1624 1379 1705 naturae
1417 1634 1755 1723 impulsu,
1796 1649 1935 1701 tum
1992 1630 2427 1721 condiscipuli
2467 1632 2817 1703 Vincentii

777 1750 1059 1822 Riccatii
1093 1743 1400 1842 essemplo
1439 1752 1589 1841 (1),
1622 1772 1819 1839 quem
1857 1746 2145 1816 futurum
2195 1748 2269 1815 in
2316 1743 2814 1818 mathematicis

777 1864 970 1955 longe
999 1864 1318 1933 eximium
1357 1860 1496 1952 jam
1535 1875 1675 1928 tum
1714 1852 2016 1928 homines
2052 1882 2183 1929 non
2218 1866 2465 1929 temere
2493 1858 2623 1929 sibi
2666 1862 2801 1953 pol-

773 1980 1140 2051 licebantur·
1179 2024 1198 2047 1
1254 1976 1621 2047 Plurimum
1676 1977 1955 2046 contulit
2011 1970 2381 2049 similitudo
2434 1980 2805 2053 studiorum

771 2098 856 2166 ad
913 2100 1190 2168 alterum
1246 2096 1436 2166 alteri
1491 2094 2020 2183 conciliandum,
2075 2114 2144 2167 et
2192 2098 2276 2168 ad
2324 2094 2803 2172 incrementum

767 2210 948 2280 illius
985 2210 1419 2301 disciplinae,
1455 2228 1628 2301 quae
1668 2226 2014 2301 utrumque
2052 2211 2347 2281 maxime
2398 2214 2693 2301 ornavit,
2730 2232 2799 2285 et

771 2321 1332 2411 spectatissimum
1373 2322 1700 2392 reddidih
2838 2414 2845 2421 ,

862 2436 966 2506 Ac
1001 2434 1370 2528 Bellogradi
1399 2434 1673 2528 quidem
1712 2452 1953 2506 nomen
1990 2434 2305 2508 celebrari
2348 2439 2565 2531 coepit
2600 2431 2669 2511 in
2710 2456 2803 2510 to-

773 2564 844 2617 ta
897 2551 1095 2621 Italia
1145 2566 1214 2620 et
1251 2549 1322 2620 in
1371 2550 1751 2642 regionibus
1798 2551 2005 2619 etiam
2060 2553 2301 2622 exteris
2364 2571 2433 2623 et
2488 2559 2751 2627 remotis
2779 2607 2799 2624 .

773 2669 1042 2738 Praeter
1079 2669 1273 2738 italas
1309 2669 1530 2760 plures
1570 2668 1967 2758 urbes,ipse
2004 2670 2473 2760 Hispaniarum
2506 2697 2621 2744 rex
2656 2679 2803 2748 Fer-

773 2788 1099 2858 dinandus
1134 2783 1455 2854 Jacohum
1505 2784 1589 2853 ad
1628 2807 1699 2855 se
1734 2785 2083 2870 invitavit,
2124 2804 2196 2855 ut
2234 2783 2588 2862 mathesim
2645 2818 2799 2884 pro-

725 2973 730 2982 ,
773 2904 1063 2972 fiteretur
1090 2900 1352 2972 Matriti
1371 2952 1387 2969 .
1413 2897 1611 2972 Votis
1640 2902 1936 2973 omnium
1977 2927 2052 2973 ac
2077 2906 2315 2976 studiis
2345 2911 2579 2980 Parma
2618 2934 2799 3003 prae·

769 3016 1009 3083 valuit.
1047 3017 1146 3085 Ea
1193 3013 1264 3083 in
1301 3037 1420 3084 suo
1476 3014 1601 3085 illo
1635 3017 1815 3107 regio
1851 3017 2399 3111 Archigymnasio
2434 3025 2655 3096 locum
2683 3052 2799 3120 pa.

769 3143 908 3198 tere
947 3127 1155 3200 voluit
1189 3127 1577 3221 Bellogrado
1614 3127 1827 3202 adhuc
1880 3131 2101 3226 juveni
2140 3134 2283 3228 ejus
2326 3137 2589 3210 virtutis
2640 3167 2798 3212 con-

771 3246 951 3335 scia3
989 3273 1064 3318 ac
1105 3249 1240 3319 suis
1277 3251 1462 3344 quasi
1495 3250 1803 3320 manibus
1840 3252 2059 3344 ipsum
2099 3247 2362 3324 sustulit
2398 3274 2483 3334 et.
2514 3259 2795 3332 colloca-

769 3364 868 3433 vit
903 3365 972 3433 in
1011 3367 1317 3438 cathedra
1340 3421 1360 3438 .
1423 3369 1650 3440 Nimis
1702 3393 2135 3464 praepropere·
2192 3373 2535 3447 videbatur
2572 3395 2793 3450 tantus

771 3481 978 3554 honor
1009 3485 1082 3555 in
1119 3507 1268 3555 eum
1309 3487 1587 3559 conferri
1605 3543 1629 3576 ,
1664 3513 1791 3560 nec
1844 3491 1917 3562 id
1970 3493 2109 3585 pati
2156 3493 2449 3585 religiosi
2505 3495 2645 3589 ejus
2679 3521 2793 3566 or-

773 3601 950 3673 dinis
994 3605 1430 3680 consuetudo.
1484 3611 1577 3678 At
1633 3609 1801 3681 haec
1858 3612 2056 3704 cessit
2100 3613 2435 3684 communi
2494 3611 2665 3685 bono
2722 3631 2797 3684 et

1449 3801 2105 3846 «ωιννιὼονυυκωιωινυι

855 3980 956 4062 (ι)
999 3977 1319 4048 Commeat.
1353 3983 1450 4045 cit.
1485 4005 1619 4070 pag.
1660 4009 1758 4049 20.
1795 4007 1897 4050 21.
