3125 4975
793 289 932 360 333
1756 293 1931 348 vrrs

797 433 1188 526 singillatim
1233 431 1536 500 ordinem
1572 449 1841 496 servans
1896 441 2271 514 temporum
2304 445 2513 518 usqne
2548 412 2633 496 ad
2682 453 2861 500 sae-

799 557 1024 627 culnm
1069 569 1374 644 quartum
1441 547 1777 618 decimum
1814 597 1835 616 .
1892 543 2108 616 Affert
2156 546 2365 616 etia-
2420 549 2863 640 apocryphas

799 688 872 740 et
923 665 1452 746 commentitias,
1511 686 1597 732 ne
1630 661 1739 731 cui
1776 659 1849 729 in
1886 677 2226 750 posterum
2264 659 2491 730 fucum
2546 660 2853 735 faciant.

805 785 953 856 Nec
989 771 1156 852 alias
1183 777 1496 872 praeterit
1527 775 2025 866 inscriptiones,
2050 773 2395 846 hebraicas
2418 775 2709 863 seilicet,
2732 801 2859 848 ae·-

807 903 1069 998 gyptias
1089 955 1110 986 ‚
1147 899 1444 970 arabicas
1473 927 1492 982 ;
1531 917 1745 986 neque
1802 911 2077 986 protypa
2114 895 2199 964 ad
2234 895 2701 985 exprimendas
2734 897 2855 967 hi-

811 1017 1081 1101 storias,
1099 1015 1587 1098 theatra‚arcus
1614 1009 2043 1100 triumphales
2070 1009 2417 1078 instmcta.
2434 1011 2539 1078 Ita
2566 1009 2853 1082 demum

811 1128 1326 1222 disputationem
1377 1125 1749 1195 concludit:
1800 1123 2075 1206 Voluit,
2119 1122 2339 1214 inquit
2358 1177 2381 1208 ‚
2437 1121 2847 1217 jampridem

809 1245 1073 1316 Tullius
1111 1257 1538 1312 monumenta
1576 1237 1709 1308 sibi
1746 1237 1819 1308 in
1870 1237 2233 1310 Academia
2268 1237 2663 1308 constituere
2686 1289 2703 1306 .
2750 1242 2855 1310 At

811 1359 939 1432 hoc
975 1380 1274 1430 museum
1313 1355 1534 1446 ipsum
1572 1351 1947 1422 veronensis
2000 1352 2403 1422 Academiae
2448 1377 2851 1424 monumen-

819 1493 962 1550 tum
997 1479 1125 1548 erit
1159 1478 1264 1546 sui
1303 1474 1587 1546 auctoris
1626 1471 1876 1542 nomini
1916 1471 2463 1562 gloriosissimum
2484 1522 2503 1538 .

917 1596 1092 1666 Huic
1147 1594 1442 1666 annectit
1499 1593 1775 1662 alteram
1810 1589 2337 1660 dissertationem
2360 1643 2383 1676 ,
2416 1611 2619 1681 quam
2650 1589 2855 1682 paulo

821 1715 976 1782 'ante
1025 1709 1343 1793 indicari,
1375 1707 1631 1777 scilicet
1690 1707 1773 1776 de
1828 1705 2267 1796 pulcritudine
2302 1725 2575 1796 graecae
2628 1703 2847 1798 cnjus-

830 1823 984 1894 dam
1023 1821 1468 1912 inscriptionis
1507 1819 1838 1906 ineditae,
1890 1819 2007 1896 ubi
2042 1845 2175 1890 non
2210 1819 2543 1893 eruditum
2588 1837 2846 1890 tantum

823 1963 898 2010 se
953 1935 1213 2030 prodit,
1267 1933 1386 2004 sed
1431 1950 1498 2002 et
1544 1933 2045 2025 philosophum.
2082 1941 2181 2006 Ac
2218 1935 2303 2004 de
2338 1935 2455 2006 illa
2490 1935 2563 2004 in
2610 1934 2847 2025 primis

833 2051 1126 2142 disputat
1181 2047 1658 2140 pulcritudine,
1696 2073 1865 2142 quae
1916 2049 2351 2142 aequabiliter
2394 2047 2537 2120 fiisa
2571 2047 2857 2120 cernitur

835 2163 908 2236 in
945 2161 1242 2258 quolibet
1277 2181 1545 2234 naturae
1582 2189 1825 2255 oper03
1864 2181 2003 2234 tum
2042 2161 2127 2236 de
2162 2163 2319 2252 illa,
2356 2188 2557 2256 quam
2604 2162 2863 2260 praefe-

837 2293 991 2350 runt
1045 2293 1220 2348 artes
1274 2279 1704 2365 imitatrices,
1758 2279 2091 2370 sculptura
2144 2279 2401 2350 scilicet
2450 2295 2521 2350 et
2564 2279 2858 2370 picturas

841 2394 1212 2493 iisdemque
1247 2399 1504 2493 legibus
1559 2398 1803 2492 scripta
1840 2399 2198 2493 expendit,
2240 2397 2481 2491 quihus
2514 2399 2621 2470 vel
2658 2399 2863 2468 caela«

842 2532 1022 2605 tam,
1061 2523 1165 2591 vel
1205 2520 1450 2611 pictam
1489 2521 1849 2613 imaginem
1888 2520 2037 2613 quis
2072 2519 2473 2610 expenderet
2496 2571 2515 2587 .
2550 2518 2867 2589 Animad-

843 2633 1044 2705 vertit
1077 2632 1344 2723 insuper
1367 2686 1388 2718 ,
1427 2634 1498 2703 in
1533 2635 1831 2703 Phaedro
1870 2635 2161 2703 Platonis
2200 2632 2412 2705 notari
2450 2658 2489 2703 a
2526 2632 2873 2705 Socrateo-

841 2746 1426 2843 rationemLysiae
1445 2798 1464 2831 ‚
1484 2763 1550 2815 et
1588 2747 1953 2837 comparari
1980 2772 2131 2819 cum
2159 2748 2633 2840 epigrammate
2650 2802 2670 2833 ,
2688 2746 2865 2837 quod

847 2861 1010 2935 olim
1031 2856 1436 2947 inscriptum
1469 2857 1681 2929 fuerat
1710 2860 1943 2929 Midae
1980 2860 2297 2952 phrygio:
2328 2860 2499 2931 unde
2530 2859 2871 2931 Bartholus

847 2976 943 3047 sic
995 2975 1362 3047 concludit:
1419 2975 1489 3047 Si
1527 2977 1786 3049 Platoni
1826 2976 2051 3063 licuit,
2092 2978 2310 3069 inquit
2332 3032 2353 3065 ‚
2392 2980 2521 3049 duo
2574 2978 2745 3048 inter
2796 3000 2869 3049 se

855 3110 1286 3181 componere,
1325 3113 1492 3181 quae
1540 3088 1903 3179 deformia3
1940 3092 2100 3183 quid
2155 3091 2224 3161 ni
2268 3092 2435 3163 mihi
2474 3092 2672 3163 liceat
2708 3090 2833 3159 duo
2854 3142 2873 3177 ,

855 3226 1022 3297 quae
1087 3208 1358 3299 pulcra?
1416 3208 1595 3311 Dein
1655 3209 1955 3303 quaerit,
2014 3234 2185 3301 quae
2238 3207 2584 3300 inscriptio
2648 3209 2871 3301 pulcra

861 3326 1252 3421 appellanda
1291 3328 1404 3397 sit.
1446 3332 1541 3400 Ea
1581 3328 1892 3399 nimirum
1914 3382 1937 3415 ‚
1994 3324 2137 3416 ait,
2176 3354 2345 3421 quae
2384 3330 2575 3399 illum
2612 3326 2874 3405 omnino

859 3437 1213 3531 exprimit,
1233 3466 1309 3511 ac
1341 3466 1524 3529 vere,
1545 3443 1653 3513 eui
1684 3442 1917 3515 eadem
1956 3443 2063 3515 fit.
2084 3449 2188 3519 Ex
2212 3469 2340 3537 quo
2368 3444 2674 3531 deducit,
2711 3444 2873 3515 tales

864 3572 996 3629 non
1041 3576 1187 3626 esse
1215 3606 1236 3641 ‚
1301 3581 1467 3650 quae
1519 3556 1817 3629 versibus
1858 3572 2164 3629 exaratae
2190 3610 2207 3629 .
2248 3559 2486 3649 Neque
2532 3543 2729 3627 ¹euim
2777 3580 2885 3628 ve.-

863 3694 1010 3745 rum
1060 3689 1250 3765 poeta
1275 3676 1567 3767 sequitur
1584 3676 1739 3769 ,ssed
1782 3678 2145 3749 verisimile
2167 3730 2188 3763 ,
2212 3694 2281 3749 et
2326 3677 2499 3769 quod
2523 3674 2876 3769 generatim

859 3792 1042 3863 cadit
1091 3791 1163 3861 in
1223 3817 1450 3865 omnes
1505 3796 1801 3889 ejusdem
1854 3797 2105 3867 ordinis
2141 3796 2481 3881 homines,
2520 3818 2650 3863 non
2700 3792 2871 3885 quod

861 3902 1020 3980 huic
1035 3958 1060 4015 ,
1113 3906 1222 3983 vel
1255 3907 1358 3981 illi
1396 3910 1703 3985 convenit
1753 3911 2205 4007 peculiariter.
2246 3910 2421 3989 Hine
2457 3905 2543 3995 aJd
2579 3907 2877 4014 proposi*
