3125 4975
929 348 1205 410 &oseem
1239 347 1505 408 Toum
1703 359 1709 371 ·
2088 329 2229 425 403

282 479 418 560 His
455 499 628 558 anno·
681 483 858 576 1787
917 480 1159 552 obtulit
1207 480 1735 550 dissertationem
1794 481 2225 574 inscripturus

175 593 456 678 Tavole
491 602 569 676 di
606 599 878 672 vitalitd
900 645 917 669 0
957 603 1148 670 Hanc
1189 598 1523 690 praecedit
1560 598 1783 668 brevis
1821 602 1903 669 ad
1943 627 2055 670 eos
2094 604 2247 692 epi-

167 725 372 794 stola
395 777 416 808 ‚
455 746 626 814 quae
675 718 887 812 ipsius
943 717 1262 810 pietatem
1301 741 1378 786 ac
1415 715 1801 807 religionem
1851 718 2120 788 omnino
2158 743 2233 790 ea

177 841 448 912 vincit.
488 845 858 928 Utramque
896 837 1207 906 evincunt
1243 852 1309 905 et
1346 835 1549 922 haec,
1580 859 1747 928 quae
1783 837 1855 904 in
1896 837 2027 907 alia
2064 839 2232 932 eius-

183 959 362 1029 dem
407 959 867 1032 dissertatione
907 957 936 1036 (
947 956 1014 1046 1)
1051 956 1140 1026 ad
1176 955 1465 1026 amicum
1487 1008 1502 1024 .

296 1101 338 1146 99
369 1082 446 1150 Io
485 1079 579 1148 mi
617 1094 964 1148 commove
1004 1074 1143 1164 (sic
1167 1074 1340 1163 ille)
1379 1065 1642 1166 quando
1676 1077 1915 1147 marito
1952 1102 1991 1148 e
2029 1080 2233 1168 padre

188 1231 236 1268 n
271 1199 348 1270 vi·
373 1221 580 1290 veggo
615 1196 770 1287 ogni
811 1218 956 1266 sera
991 1185 1218 1266 baciar
1254 1195 1318 1264 la
1358 1209 1554 1266 mano
1590 1197 1651 1265 al
1686 1197 2098 1286 rispettabile
2130 1223 2239 1269 voa

186 1337 234 1380 υ·
269 1330 409 1383 stro
449 1311 782 1402 genitor03
819 1308 1082 1399 quando
1139 1308 1206 1378 vi
1263 1323 1443 1378 trovo
1496 1326 1811 1400 occupato
1852 1327 1891 1380 a
1926 1311 2237 1405 insegnar

188 1456 236 1494 η
267 1427 339 1497 le
377 1426 595 1518 preci,
631 1425 657 1493 i
697 1423 1052 1492 rudimenti
1093 1423 1268 1492 della
1305 1423 1621 1516 religione
1660 1424 1723 1494 ai
1762 1427 1961 1516 vostri
2013 1427 2229 1520 flglioa

202 1573 244 1612 υ
275 1537 452 1629 lini,
493 1567 531 1614 a
569 1539 668 1611 far
703 1543 840 1612 loro
877 1542 945 1612 la
983 1542 1202 1612 scuola
1226 1597 1245 1628 ‚
1284 1542 1352 1612 di
1395 1544 1495 1613 cui
1537 1545 1654 1613 son
1694 1545 1960 1635 capaci,
2002 1571 2037 1614 a
2086 1566 2245 1616 con·-

199 1689 242 1730 29
275 1661 549 1734 darual
589 1661 932 1754 passeggio
953 1713 974 1746 ,
1030 1661 1154 1730 ebe
1193 1679 1420 1751 sapete
1460 1658 1559 1730 far
1593 1659 1733 1731 loro
1772 1663 2065 1734 divenire
2125 1665 2233 1734 dia

195 1807 238 1850 ss
272 1781 666 1851 vertimento
718 1780 804 1851 ed
856 1773 1210 1852 istruzione
1244 1803 1282 1848 29
1313 1831 1330 1849 .
1389 1782 1593 1852 Sensa
1642 1782 1976 1852 enimvero
2025 1779 2225 1877 digna

197 1901 494 1972 litterato
548 1898 730 1970 viro!
789 1901 936 1972 Nec
993 1900 1214 1970 minus
1269 1898 1471 1972 illud.
1526 1891 1773 1971 Nescio
1821 1893 1967 1992 quis
2007 1897 2229 1973 eidem

202 2018 390 2089 misit
457 2019 634 2092 dono
701 2015 947 2088 librum
973 2068 992 2100 ‚
1057 2015 1396 2086 Juvenalis
1465 2015 1631 2087 illud
1696 2003 2173 2106 praeferentem
2209 2040 2227 2089 e

199 2159 241 2200 υ
282 2131 452 2220 Quis
497 2132 679 2201 enim
733 2130 1042 2200 virtutem
1081 2130 1504 2220 amplectitur
1549 2133 1797 2220 ipsam,
1829 2133 2127 2221 praemia
2174 2129 2233 2204 si

206 2276 246 2318 ω
281 2251 544 2321 tollar»
579 2251 736 2340 (2)?
787 2250 912 2322 Cui
971 2267 1174 2340 prope
1229 2252 1556 2322 subiratus
1609 2251 1856 2342 Joseph
1912 2249 2037 2320 hoe·
2086 2252 2231 2320 sine

210 2389 398 2438 mora
433 2364 858 2454 subscripsit:
905 2362 1024 2432 Vir
1053 2363 1298 2454 probus
1321 2418 1336 2434 .
1377 2365 1532 2435 Non
1570 2363 1673 2432 illi
1714 2363 2061 2452 prudentia
2110 2359 2231 2434 de-

209 2482 337 2553 fuit
373 2480 444 2549 in
482 2477 845 2571 deligendis
883 2479 1296 2565 amicis,non
1338 2478 1629 2548 studium
1662 2477 1733 2546 in
1763 2479 2087 2552 colendi&
2112 2487 2236 2555 Co-

205 2598 336 2671 luit
371 2598 656 2683 multos,
691 2614 848 2689 prae·
887 2594 1124 2669 ceteris
1161 2598 1484 2669 Joannem
1541 2590 1909 2685 Baptistam
1960 2599 2226 2669 Nicolai

205 2712 278 2782 in
318 2712 667 2804 patavinae
705 2711 886 2781 urbis
929 2712 1476 2805 Archigymnasio
1515 2709 1858 2801 analyseos
1895 2710 2225 2799 professo-

205 2848 392 2914 rem,
427 2830 640 2900 virum
679 2830 952 2900 omnino
1005 2829 1438 2921 spectabilem
1496 2854 1645 2900 cum
1702 2824 2037 2913 doctrina,
2089 2845 2231 2900 tum

211 2944 418 3015 etiam
475 2944 808 3015 moribus.
867 2944 1040 3017 Huic
1099 2962 1238 3014 erat
1294 2944 1869 3037 conjunctissimus
1928 2942 2221 3034 Joseph.

205 3066 361 3153 Quo
413 3086 634 3134 amore
671 3065 1045 3151 viventem,
1097 3060 1329 3135 eodem
1370 3082 1757 3155 prosequtus
1796 3077 1896 3132 est
1948 3078 2017 3132 et
2052 3082 2239 3133 mor-

211 3196 436 3250 tuum.
473 3180 666 3251 Brevi
705 3180 1032 3273 siquidem
1075 3180 1486 3270 expositione
1541 3174 1683 3271 eius
1740 3180 1911 3250 vitae
1951 3178 2059 3267 (3)
2106 3206 2228 3271 po-

207 3294 400 3365 steris
453 3296 950 3368 commendavit
995 3294 1178 3367 illius
1241 3296 1673 3383 memoriam,
1734 3295 1833 3366 sic
1889 3292 2221 3387 implens,

895 3544 1560 3585 “flmmeum

291 3720 390 3803 (ι)
435 3716 626 3803 Quam
664 3714 747 3781 sic
785 3720 1105 3803 inscripsit:
1155 3712 1472 3797 Confronto
1512 3717 1675 3780 delle
1710 3720 1968 3799 stagiom‘
2000 3731 2113 3783 etc.

297 3824 392 3902 (2)
434 3824 624 3903 Satyr.
673 3844 765 3886 ιο.
804 3844 864 3885 v.
913 3830 1045 3902 ¹4¹·
2128 3905 2135 3913 .

287 3926 316 3991 s
316 3924 382 4004 3)
425 3924 594 3987 Hanc
654 3926 945 4010 praemisit
1001 3925 1126 4009 eius
1182 3926 1342 4011 operi
1361 3967 1383 3998 ‚
1425 3922 1581 4009 quod
1614 3918 1986 3990 insci-ibitur:
2042 3919 2217 3988 Nom

207 4034 514 4114 ᾳπαζγεεοε
554 4034 846 4093 elementa
863 4054 884 4093 ·.
