3125 4975
809 326 946 401 288
1740 334 1909 391 vri-A

893 470 1114 560 Atque
1151 469 1314 537 haee
1351 465 1617 558 quidem
1652 470 2043 551 voa-amic,
2074 488 2245 557 quae
2284 464 2515 557 paucis
2558 466 2833 541 o‘mnino

803 606 1139 668 concessa,
1157 581 1554 673 singularem
1584 579 1649 649 ei
1688 578 2247 651 existimationem
2276 597 2621 672 pepererat
2652 584 2831 673 apud

799 722 1026 770 omnes
1049 753 1070 785 ‚
1099 700 1273 789 apud
1317 698 1492 769 viros
1531 699 1734 789 ctiam
1774 699 1845 767 in
1882 697 2118 789 primis
2166 698 2393 769 doctos
2450 714 2519 769 et
2572 699 2831 771 littera·-

773 833 901 889 -tos
923 868 940 885 .
979 820 1066 888 Et
1099 816 1235 909 jam
1275 816 1600 887 edendam
1638 815 1755 885 ille
1791 832 2135 907 paraverat
2154 868 2177 902 ,
2216 814 2311 885 nti
2358 831 2581 885 narrat
2634 819 2831 889 Mat.-

795 931 1154 1003 zuchellius
1209 930 1317 1023 (1)
1352 983 1374 1016 ,
1426 928 1939 1021 pulcherrimam
1994 929 2449 999 collectionem
2511 929 2829 1021 epistola-

804 1074 950 1121 rum
969 1102 992 1135 ,
1022 1072 1298 1141 quarum
1347 1048 1510 1119 alias
1547 1047 1701 1118 aliis
1754 1047 2177 1138 Bellogradus
2212 1048 2563 1139 scripserat
2581 1100 2607 1135 ‚
2658 1049 2829 1117 alias

797 1168 884 1237 ab
920 1166 1007 1236 iis
1061 1181 1402 1257 acceperat
1451 1166 1536 1235 de
1592 1166 1785 1237 rebus
1838 1165 2329 1251 mathematicis
2390 1182 2461 1236 et
2510 1165 2825 1237 eruditis.

797 1282 978 1371 Quid
1033 1274 1266 1351 ha‘rum
1319 1278 1651 1371 plerisque
1708 1279 2044 1363 evenerit,
2080 1280 2277 1370 plane
2312 1278 2653 1372 ignotum:
2706 1302 2826 1349 ex-

794 1416 972 1470 stant
1003 1416 1256 1469 tantum
1283 1420 1564 1488 paucae;
1586 1398 1759 1468 clare
1790 1414 2011 1469 tamen
2030 1420 2115 1469 ex
2146 1398 2291 1467 istis
2324 1415 2826 1487 constat,quam

791 1515 926 1587 late
964 1533 1218 1609 pateret
1262 1516 1657 1587 litterarium
1710 1516 1923 1608 ipsius
1976 1516 2447 1587 commercium
2467 1569 2486 1587 .
2542 1513 2828 1587 Modum

795 1636 1279 1727 transgrederer
1313 1632 1400 1703 ab
1437 1634 1629 1704 initio
1670 1632 1835 1702 mihi
1900 1633 2415 1723 praescriptum,
2464 1632 2523 1702 si
2583 1632 2827 1707 vellem

791 1748 1082 1839 singulos
1119 1744 1460 1815 nominare
1484 1797 1506 1829 ‚
1545 1744 1935 1834 quibuscum
1975 1743 2141 1812 illud
2196 1744 2523 1811 exercuit.
2576 1746 2836 1813 Recen-

797 1860 956 1931 sebo
995 1874 1256 1927 tantum
1295 1854 1589 1943 aliquos,
1623 1854 1735 1945 q'ui
1776 1853 1945 1921 mibi
1984 1868 2363 1923 occurrunt.

853 1972 1085 2041 ‘Erant
1119 1970 1220 2039 illi
1261 1981 1490 2035 mutuo
1527 1967 1899 2037 litterarum
1941 1966 2153 2038 officio
2200 1966 2406 2061 juncti
2434 1966 2823 2039 Franciscus

783 2082 1098 2151 Zanottus
1121 2132 1142 2165 ‚
1197 2077 1518 2163 Bianoris,
1580 2077 1881 2149 Casalius
1910 2131 1933 2165 ‚
1981 2079 2395 2164 Bentivo‘lus‚
2441 2078 2775 2147 Paleottus
2795 2131 2819 2163 ‚

785 2196 1306 2271 Mazzuchellius
1331 2249 1346 2269 .
1387 2196 1558 2268 Cum
1598 2195 1879 2290 Maffejo
1898 2250 1920 2284 ‚
1978 2200 2183 2269 Gorio
2198 2250 2220 2283 ,
2261 2196 2625 2281 Torrellio,
2666 2220 2819 2269 cnm

782 2332 1055 2406 utroque
1089 2313 1425 2398 Riccatio‚
1457 2312 1709 2385 Jacobo
1746 2312 2003 2383 scilicet
2040 2336 2116 2381 ac
2152 2312 2439 2383 Jordano
2457 2364 2477 2397 ‚
2523 2312 2773 2381 Toaldo
2790 2364 2812 2397 ‚

785 2426 1172 2524 Jaquiorio'‚
1210 2428 1484 2500 Zuliano
1505 2482 1527 2517 ,
1559 2428 1961 2522 Cognolato,
2000 2453 2153 2504 cum
2208 2429 2355 2502 aliis
2401 2428 2704 2521 plurimis
2746 2444 2814 2497 et

785 2549 1190 2622 doctissimis
1229 2573 1314 2620 ex
1348 2574 1467 2621 sua
1504 2550 1891 2641 praesertim
1921 2549 2247 2620 Societate
2264 2600 2287 2635 ‚
2310 2545 2769 2618 cum-Roberto
2788 2599 2809 2632 ,

779 2666 1142 2740 Vincentio
1179 2666 1470 2737 Riccatio
1485 2665 1955 2752 ,Boscovichio
1974 2718 1997 2752 ‚
2032 2666 2461 2738 Sanseverino
2478 2719 2499 2752 ‚
2523 2663 2813 2736 Zaccha-⁴

775 2781 878 2858 ria
911 2835 934 2871 ‚
987 2779 1422 2850 Tirahoschio
1450 2833 1474 2864 ,
1530 2780 1751 2850 eidem
1810 2799 2037 2852 mutua
2086 2781 2251 2853 haec
2296 2783 2661 2854 litteramm
2698 2805 2810 2850 ne-

779 2896 1108 2975 cessitudo
1159 2895 1534 2965 intercessit
1555 2945 1577 2965 .
1635 2897 1865 2968 Brevi:
1912 2899 2143 2968 eadem
2195 2898 2359 2968 haec
2412 2899 2809 2969 consuetudo

743 3015 880 3089 ¹illi
917 3013 1286 3085 communis
1322 3013 1448 3083 fuit
1483 3037 1636 3084 cum
1676 3014 1827 3084 aliis
1858 3016 2017 3086 viris
2040 3070 2061 3103 ‚
2102 3017 2213 3110 qui
2254 3033 2321 3086 et
2357 3017 2425 3087 in
2463 3016 2658 3086 Italia
2678 3069 2699 3102 ‚
2736 3033 2805 3086 et

775 3135 850 3206 in
905 3133 1364 3206 remotissimis
1420 3133 1628 3204 etiam
1683 3138 1983 3228 Europae
2040 3134 2337 3229 partibus
2404 3136 2629 3228 vigent
2683 3158 2803 3204 ex-

775 3249 1061 3343 quisitae
1119 3249 1454 3320 doctrinae
1511 3245 1689 3320 fama
1734 3251 2122 3341 conspicui.
2181 3251 2356 3321 Hinc
2392 3247 2667 3320 excitari
2724 3249 2797 3320 in

773 3391 929 3438 eum
967 3369 1185 3440 studia
1223 3369 1567 3441 hominum
1586 3420 1609 3456 ‚
1646 3386 1714 3439 et
1747 3371 1819 3440 in
1860 3370 2003 3440 dies
2039 3391 2329 3440 crescere
2355 3419 2371 3436 .
2411 3371 2517 3439 De
2554 3369 2671 3438 illo
2724 3367 2797 3438 in

771 3485 914 3565 suis
959 3485 1266 3578 operibus
1313 3489 1534 3578 plures
1573 3489 1961 3563 meminisse
2017 3511 2169 3562 cum
2206 3487 2399 3558 laude
2435 3486 2589 3578 (τὴς
2630 3509 2793 3556 eum
2824 3527 2831 3545 ι

849 3753 952 3834 (ι)
989 3753 1236 3820 Volume
1269 3755 1328 3816 11
1363 3755 1432 3817 P.
1471 3757 1530 3816 11
1564 3754 1719 3838 degli
1754 3757 2003 3820 scrittori
2038 3757 2259 3819 iuliani
2298 3775 2427 3839 pag.
2466 3755 2633 3840 629„

847 3858 948 3938 (α)
983 3858 1215 3918 Praeter
1251 3877 1378 3932 eos,
1418 3877 1558 3938 quos
1598 3872 1767 3919 antea
1805 3858 2139 3934 nominavi,
2178 3857 2469 3920 Xaverius
2509 3851 2789 3916 Bettiuel-

647 4020 652 4026 .
759 3963 876 4036 lius
909 3965 1124 4062 possim
1157 3965 1222 4032 in
1251 3964 1378 4030 suris
1417 3963 1671 4050 epistolis
1700 3963 1777 4028 ad
1810 3965 2178 4030 Franciscum
2208 3963 2473 4030 comitem
2500 3959 2575 4028 de
2598 3960 2789 4044 Algae
