3125 4975
814 401 911 463 00

815 519 1053 613 ligiosa
1092 536 1335 609 pompa
1372 506 1746 585 ferebantur
1797 530 2026 581 omnes
2077 488 2168 581 ad
2203 510 2292 581 D.
2331 512 2646 602 Antonii,
2699 512 2840 591 ibi.

808 656 939 729 que
976 653 1247 701 mensae
1312 624 1800 699 accumbebant
1852 624 2186 717 angelicae
2214 676 2231 693 .
2270 626 2414 695 Hoc
2466 628 2718 718 primus
2757 656 2840 701 o·-

810 748 1069 821 mnium
1104 744 1528 819 Gusscomus
1571 738 1762 831 jussit
1799 737 1883 808 ad
1919 738 2210 809 civitatis
2259 742 2640 832 exemplum
2663 796 2680 813 .
2721 744 2835 815 oh

812 866 888 939 id
925 864 1127 935 etiam
1168 861 1375 933 voluit
1411 860 1536 929 hac
1574 858 1719 948 ipsa
1757 856 1869 925 die
1905 856 2170 928 eosdem
2210 882 2400 950 agere
2453 882 2525 929 se
2570 884 2644 929 se
2703 862 2836 937 huo

813 978 973 1051 illuc
993 1030 1014 1063 ,
1052 994 1119 1047 et
1155 971 1636 1049 Eucharistiam
1673 972 1966 1043 venerari
2011 971 2390 1067 expositam
2445 974 2518 1047 iu
2564 978 2835 1071 templis

814 1092 1081 1190 publice
1122 1090 1269 1180 (1).

900 1210 1083 1279 Haec
1118 1208 1229 1277 his
1266 1204 1537 1277 diebus:
1577 1218 1868 1281 ceterum
1905 1220 2040 1276 toto
2077 1228 2247 1277 anno
2283 1228 2524 1298 magna
2560 1206 2832 1298 pietatis

816 1351 967 1407 cura
992 1380 1009 1396 .
1047 1326 1155 1399 Ad
1191 1326 1361 1395 hanc
1400 1322 1755 1396 fovendam
1813 1324 1990 1415 apud
2037 1349 2108 1395 se
2144 1324 2398 1394 ‘habere
2435 1324 2830 1419 jubebantur

811 1468 1043 1517 omnes
1078 1442 1148 1515 S.
1186 1440 1517 1511 Francisci
1579 1440 1816 1512 Salesii
1875 1440 2122 1515 librum
2145 1495 2165 1528 ,
2222 1442 2334 1534 qui
2373 1442 2608 1513 dicitur
2641 1442 2835 1515 Pico-

810 1566 967 1644 tea,
1016 1575 1155 1627 tum
1194 1553 1543 1627 Seminarii
1585 1554 2148 1641 Constitutiones,
2185 1557 2449 1631 Monita
2485 1556 2554 1629 S.
2611 1558 2834 1630 Caroli

808 1670 1183 1743 Borromaei
1208 1722 1231 1755 ,
1261 1685 1329 1737 et
1365 1667 1497 1737 alia
1532 1664 1910 1759 hujusmodi
1937 1669 2366 1739 incitamenta
2397 1669 2655 1741 virtutis
2687 1674 2831 1763 (2).

806 1785 1077 1857 Sacram
1117 1782 1405 1873 aliquam
1462 1796 1800 1869 praeterea
1861 1780 2265 1870 imaginem,
2319 1802 2514 1869 quam
2583 1785 2840 1853 orando

808 1911 1219 1987 spectarent,
1260 1916 1405 1975 esse
1440 1910 1757 1983 perpetuo
1796 1892 2000 1961 voluit
2035 1893 2107 1967 in
2141 1892 2385 1963 scholis
2423 1894 2528 1983 (3)
2551 1944 2568 1961 .
2601 1895 2834 1966 Pietas
2914 1882 2928 1901 ’

812 2008 1167 2102 praecipue
1212 2021 1351 2077 erat
1386 2005 1457 2074 in
1494 2005 1702 2073 oculis
1759 2007 2180 2077 BARBAmcr.
2237 2004 2575 2095 Quidquid
2631 2005 2840 2077 moli-

812 2140 993 2195 retur
1053 2126 1169 2197 ille
1203 2178 1226 2213 ,
1276 2125 1381 2197 vel
1430 2141 1688 2219 ageret,
1742 2147 1900 2227 prae
1955 2122 2260 2203 omnihus
2299 2124 2620 2223 pietatem
2673 2148 2828 2221 spe-

814 2239 1083 2311 ctabat-.
2045 2331 2053 2339 ι

906 2359 1307 2438 clericorum
1350 2356 1839 2431 confessarium
1895 2382 2092 2450 saepe
2141 2359 2574 2447 admittebat,
2637 2360 2828 2453 eiquo

815 2477 1157 2552 indicabat
1212 2480 1315 2550 vel
1368 2478 1642 2551 idoneos
1696 2479 1936 2566 libros,
1975 2502 2134 2571 quos
2173 2479 2458 2570 legeret,
2507 2478 2612 2548 vel
2663 2503 2832 2570 quae

812 2593 1097 2668 alumnis
1154 2595 1400 2673 utiliter
1436 2596 1665 2664 animo
1704 2593 2046 2664 recolenda
2085 2611 2515 2684 proponeret,
2551 2595 2823 2683 cupiens
2947 2683 2957 2691 ·

804 2711 1073 2784 eosdem
1113 2711 1374 2782 assidue
1417 2709 1716 2800 progredi
1757 2710 2022 2800 pietatis
2075 2711 2290 2780 studio
2341 2710 2491 2804 (4).
2545 2711 2679 2782 Ubi
2717 2737 2832 2782 νο..

810 2851 886 2902 ro
922 2829 1257 2916 eligendus
1292 2841 1467 2894 esset
1502 2828 1742 2917 aliquis
1778 2827 1846 2896 in
1889 2829 2306 2917 magistrum,
2363 2829 2520 2897 licet
2573 2830 2826 2918 optime

810 2938 955 3026 ipse
1008 2959 1537 3025 unumquemque
1591 2955 1870 3022 nosset,
1927 2940 2058 3014 sibi
2120 2959 2339 3011 tamen
2383 2941 2678 3014 diffidens
2735 2943 2825 3010 ah

809 3046 963 3121 aliis
1002 3045 1208 3122 etiam·
1242 3045 1498 3122 solebat
1538 3067 1838 3126 accurate
1873 3052 2040 3129 illud
2077 3054 2149 3124 in
2188 3055 2422 3148 primis
2479 3077 2832 3144 quaerere,

1488 3257 2151 3288 *mmmmm

896 3365 997 3444 (ι)
1036 3365 1172 3430 Act.
1211 3363 1417 3432 Beatif.
1456 3365 1540 3428 Τ.
1583 3362 1694 3426 lv.
1734 3361 2012 3422 Summar-
2051 3381 2182 3442 pag.
2225 3381 2357 3422 220.
2395 3359 2568 3422 Nunc
2606 3374 2830 3444 postre-

812 3468 923 3534 mis
982 3471 1161 3531 tribus
1213 3469 1716 3540 Bacchanaliorum
1771 3465 1972 3527 diebus
2011 3464 2426 3526 Eucharistiam
2483 3479 2831 3528 venerantur-

809 3569 1041 3656 publice
1078 3570 1390 3635 domestico
1426 3572 1487 3630 iu
1526 3570 1739 3654 templo
1779 3571 2094 3656 expositam
2137 3566 2214 3628 ad
2251 3587 2541 3656 vesperam
2559 3611 2580 3644 ,
2609 3579 2669 3626 et
2697 3566 2830 3648 eju}

810 3671 1031 3744 :ultum
1070 3671 1226 3753 apud
1263 3671 1406 3732 alios
1448 3683 1787 3752 promovent
1825 3689 2083 3729 sermone
2124 3688 2284 3730 sacro
2311 3713 2324 3731 .

894 3776 996 3854 (2)
1042 3774 1295 3841 Institut,
1334 3772 1411 3834 ad
1448 3771 1730 3841 Seminar-
1769 3769 1988 3848 Regina.
2029 3791 2162 3861 pag.
2206 3772 2304 3834 31.
2345 3771 2441 3834 32.

898 3877 1000 3956 (3)
1038 3875 1189 3937 lhid.
1229 3896 1359 3959 pag.
1399 3874 1496 3952 54.

896 3978 998 4066 (4)
1034 3979 1173 4046 Act.
1210 3977 1415 4046 neatis.
1454 3977 1540 4044 Τ.
1581 3976 1664 4042 11.
1703 3973 1982 4046 sumar.
2014 3994 2150 4072 pag.
2191 3989 2328 4066 ²¹2·
