3125 4975
806 338 950 413 2-28

1677 576 1996 651 VITA

814 788 823 799 ’
907 820 1115 933 1ο.
1192 810 1924 926 ERANclscl
1983 750 2759 913 mmmm

1548 1045 2102 1123 CARDINALIS

922 1730 1141 1878 Inter
1174 1802 1458 1875 eximios
1497 1798 1670 1867 viros
1697 1848 1716 1881 ‚
1755 1792 1868 1886 qui
1910 1788 2282 1864 Seminario
2319 1789 2475 1859 huic
2503 1780 2859 1858 'ornamen-

842 1940 909 1993 to
948 1918 1549 2009 fuere,principem
1577 1914 1806 1979 iocum
1851 1924 2070 1976 tenere
2111 1904 2310 1974 debet
2346 1906 2628 1977 Ioannes
2646 1905 2853 1972 Fran-

834 2041 1043 2110 ciscus
1083 2035 1478 2106 Barbadicus
1526 2032 1600 2099 B.
1641 2026 1941 2117 Gregorii
1955 2040 1975 2109 ,’
2015 2024 2177 2093 olim
2215 2021 2668 2093 Patavinorum
2711 2022 2866 2111 epi-

834 2159 1015 2248 scopi
1042 2210 1063 2241 ‚
1101 2154 1316 2223 fratris
1358 2152 1559 2220 filius.
1601 2154 1667 2219 Is
1711 2150 1892 2217 enim
1931 2144 2056 2213 hoc
2096 2145 2242 2233 ipso
2279 2143 2352 2211 in
2383 2142 2522 2211 loco
2560 2163 2596 2207 a
2636 2138 2868 2228 prima

836 2290 1050 2343 aetate
1081 2271 1291 2359 patrui
1328 2268 1426 2334 sui
1462 2262 1894 2333 sanctissimis
1927 2256 2224 2350 legibus
2206 2256 2542 2326 msututus
2571 2250 2696 2322 fuit
2729 2254 2868 2345 (ι),

838 2409 917 2453 ac
954 2384 1110 2453 licet
1159 2382 1421 2471 seriptis
1478 2379 1676 2447 editis
1719 2400 1843 2442 non
1885 2370 2228 2456 claruerit,
2267 2368 2422 2438 aliis
2463 2384 2682 2473 tamen
2715 2365 2868 2434 lau-‘-

838 2496 1033 2568 dibus
1088 2521 1284 2588 supra
1320 2513 1570 2564 ceteros
1619 2493 1812 2580 longe
1861 2485 2180 2571 eminuit3
2226 2480 2402 2551 unde
2441 2503 2752 2571 magnum
2793 2501 2871 2547 ae

838 2640 1101 2709 prorsus
1138 2639 1379 2682 novum
1421 2611 1740 2698 patavino
1779 2603 2145 2678 seminario
2187 2601 2386 2669 'decus
2425 2598 2715 2668 accedit.
2757 2597 2868 2664 Do

789 2767 792 2770 ·
846 2753 925 2798 eo
962 2731 1161 2819 igitur
1201 2749 1369 2794 nunc
1418 2723 1744 2788 breviter.
1769 2720 1930 2788 Erit
1967 2718 2034 2786 id
2094 2714 2391 2785 debitum
2441 2713 2606 2804 grati
2663 2707 2874 2781 animi

847 2839 1301 2910 testimonium
1343 2837 1411 2901 in
1451 2857 1644 2918 eum,
1676 2837 1780 2902 cui
1821 2831 2266 2902 Seminarium
2309 2829 2532 2921 ipsum
2567 2853 2638 2898 se
2667 2843 2878 2896 totum

738 2939 751 2956 ⁰
844 2951 1113 3020 omnino
1156 2948 1354 3015 debet
1380 2997 1396 3014 .

934 3061 1222 3131 Joaunes
1259 3061 1311 3128 F
1316 3055 1643 3126 ranciscus
1685 3057 2096 3128 Barbadicua
2135 3059 2239 3127 111
2275 3055 2420 3126 Cal.
2460 3053 2688 3149 Maias
2725 3073 2880 3122 ann.

859 3180 1035 3254 1658
1094 3195 1281 3246 natus
1342 3195 1444 3246 est
1482 3179 1833 3265 Venetiis,
1889 3177 2272 3270 parentibus
2315 3199 2401 3246 ex
2457 3173 2884 3266 patriciorum

852 3293 1081 3363 ordine
1118 3293 1552 3362 nobilissimis
1577 3345 1598 3378 ,
1636 3296 1741 3364 M.
1783 3293 2072 3362 Antonio
2111 3289 2477 3361 Barhadieo
2515 3291 2604 3358 D.
2663 3283 2886 3358 Marci

854 3431 1269 3510 procuratore
1306 3433 1375 3484 et
1410 3416 1607 3485 Clara
1645 3415 1880 3483 Duodo
1919 3465 1934 3480 .
1975 3413 2079 3483 Ibi
2120 3412 2336 3513 patriai
2373 3409 2445 3479 in
2485 3408 2683 3478 domo
2717 3406 2890 3477 edu-

1533 3621 2196 3650 mmmm

942 3764 1045 3844 (1)
1091 3761 1345 3824 Cordara
1382 3764 1503 3826 vita
1556 3761 1650 3824 del
1677 3766 1743 3826 B.
1797 3762 2078 3842 Gregorio
2129 3757 2307 3822 Card.
2359 3756 2668 3837 Barbarigo
2712 3753 2902 3814 211-

870 3889 994 3952 cap.
1038 3874 1098 3932 6.
1136 3871 1469 3934 Riccbinius
1510 3869 1583 3932 de
1604 3869 1728 3933 nt·
1761 3885 1822 3932 ot
1855 3867 2025 3932 rebus
2060 3869 2232 3952 gestis
2269 3867 2337 3928 B.
2373 3862 2643 3947 Gregorii
2679 3857 2893 3924 Barba-

864 3977 985 4044 dici
1016 3980 1126 4045 11’1).
1163 4002 1224 4046 2.
1260 4001 1313 4042 c.
1352 3981 1415 4042 8.
