3125 4975
2220 344 2309 432 δι

279 500 492 573 utimit
522 522 610 568 ex
649 520 796 567 asse
833 491 1146 586 heredem
1167 542 1185 559 .
1213 492 1434 582 Quare
1469 488 1915 563 Seminarium
1943 491 2165 586 ipsum
2200 496 2325 568 ada·

279 620 424 689 iens
461 618 902 691 hereditatem
921 665 946 701 ‚
1001 612 1235 683 decem
1269 626 1731 701 argenteorum
1792 616 2141 684 nummum
2172 617 2327 688 mih

281 738 460 807 libus
493 736 730 809 statim
765 732 1243 826 locupletatum
1283 748 1388 803 est
1401 784 1424 817 ,
1465 746 1536 801 et
1571 732 1807 802 annuis
1842 733 2111 826 triginta
2146 735 2329 807 insu..

281 878 398 949 per
431 855 682 925 modiis
735 846 939 922 tritici
957 904 980 937 ,
1020 852 1134 943 qui
1188 850 1587 943 colliguntur
1632 874 1721 921 ex
1772 852 2065 944 praediis
2085 903 2109 940 ‚
2147 876 2323 946 quae

281 974 354 1043 in
407 970 892 1067 possessionem
945 972 1304 1047 Gnncomr
1365 982 1679 1040 venerant
1698 1021 1723 1056 ‚
1784 968 1961 1063 quod
2002 972 2323 1043 solvendo

281 1118 414 1166 non
451 1093 710 1165 fuerant
743 1092 1166 1163 conductores
1206 1091 1356 1181 (1).
1395 1090 1526 1179 Qui
1561 1089 2006 1163 Seminarium
2044 1092 2319 1164 donavit

285 1213 736 1307 amplissime,
765 1209 1025 1302 quoties
1059 1204 1132 1279 in
1169 1232 1252 1279 eo
1287 1207 1707 1295 versabatur,
1728 1232 1813 1281 ne
1850 1209 2068 1279 eidem
2104 1228 2322 1298 esset,

285 1346 362 1399 ut
397 1328 513 1399 ille
551 1326 807 1420 ajebat,
845 1324 1125 1407 damno,
1161 1322 1348 1393 cibos
1383 1322 1518 1391 sibi
1555 1320 1777 1397 afferri
1817 1322 1906 1393 ab
1944 1325 2094 1397 aula
2129 1325 2325 1422 jube-

291 1444 416 1513 bat
443 1440 816 1533 episcopali
839 1486 857 1507 .
899 1440 998 1508 Ae
1035 1438 1090 1507 si
1129 1437 1391 1529 quando
1429 1436 1746 1507 utendum
1786 1438 1888 1508 illi
1926 1456 2069 1509 erat
2102 1438 2325 1513 Semi-

295 1554 476 1627 narii
509 1574 784 1637 mensa,
821 1574 942 1622 nec
976 1550 1249 1623 lautiore
1285 1550 1438 1620 cibo
1474 1548 1573 1619 uti
1611 1550 1903 1637 volebat,
1950 1576 2149 1643 quam
2190 1554 2327 1623 alu-

303 1672 484 1757 mni,
521 1696 642 1741 nec
677 1669 1108 1765 elegantiore,
1128 1692 1328 1761 quam
1366 1670 1420 1740 ii
1437 1672 1895 1762 ,supellectile
1934 1672 2041 1765 (2)
2064 1700 2081 1742 ε
2104 1692 2330 1743 exerm-

302 1786 486 1883 plum
524 1784 896 1875 imitatione
933 1782 1446 1879 dignissimum!

378 1900 578 1970 Porro
633 1918 853 1971 autem
908 1902 1334 1974 Gntconms
1389 1898 1668 1990 gentiles
1730 1924 1883 1971 suos
1946 1918 2329 1995 exspectare

289 2014 560 2111 iubebat
597 2044 638 2091 a
671 2022 820 2089 Deo
857 2016 1074 2088 multo
1119 1996 1415 2105 notiora,
1453 2038 1657 2105 quam
1692 2016 2043 2110 quaetipse
2080 2017 2335 2109 potuis-

289 2152 390 2207 set
422 2138 498 2207 in
533 2160 650 2209 eos
683 2131 978 2208 conferre
1000 2188 1017 2205 .
1055 2128 1252 2225 Quod
1283 2131 1554 2225 quidem
1590 2158 1725 2205 non
1762 2152 1901 2207 tam
1934 2138 2328 2211 incitamen-

293 2270 442 2325 tum
477 2254 564 2325 ad
596 2253 769 2324 bene
807 2254 1204 2345 sperandum
1237 2252 1606 2325 existimari
1644 2253 1843 2325 debet
1863 2308 1883 2341 ‚
1920 2274 2120 2348 'quam
2152 2256 2329 2328 vati-

307 2374 562 2445 oinium
587 2423 602 2439 .
639 2375 742 2441 Ex
775 2396 906 2463 quo
943 2372 1118 2442 enim
1155 2372 1239 2443 ad
1273 2372 1558 2465 Superos
1592 2372 1776 2444 idem
1828 2374 2025 2462 abiit,
2080 2376 2329 2449 Barba-

303 2484 456 2558 dioa
493 2511 651 2579 gens
687 2503 758 2557 et
786 2485 1024 2578 opibus
1059 2484 1444 2574 abundavit,
1481 2503 1552 2557 et
1586 2484 1943 2559 honoribus
1980 2489 2287 2561 inclaruit
2306 2534 2331 2562 .

978 2686 1647 2736 manuum

382 2839 484 2919 (ι)
517 2838 654 2899 Aet.
695 2837 900 2900 neatis.
939 2837 1026 2899 T.
1069 2831 1160 2906 IV
1201 2837 1482 2902 Summe.
1521 2843 1655 2922 pag.
1687 2855 1825 2930 2²9.

375 2942 484 3022 (a)
517 2939 674 3002 ibid.
715 2959 850 3025 pag.
895 2941 1035 3024 574.
