3125 4975
820 348 957 427 232
1767 351 1934 417 'nm

816 522 949 591 que
978 492 1437 565 Cardinalatus
1473 487 1842 582 insignibus
1883 485 2229 559 artificiose
2265 478 2624 560 elaboratis
2661 500 2730 562 et
2757 490 2884 563 in·

816 614 1093 704 sculptis
1135 612 1206 697 in
1250 610 1545 701 onyche,
1577 608 1732 699 poni
1771 607 1980 677 voluit
2027 606 2110 677 ad
2148 605 2291 699 ejus
2332 610 2658 681 tumulum
2699 632 2865 683 eum

812 742 1114 799 accurata
1152 723 1580 815 inscriptione
1606 774 1623 790 .
1661 725 1748 791 Et
1775 720 1861 790 ad
1899 718 2116 814 majus
2147 718 2450 814 ejusdem
2489 724 2589 793 sui
2631 729 2862 817 patrui

816 846 1056 929 decus,
1082 842 1477 936 vulgandam
1508 841 1768 937 *curavit
1803 861 1960 908 suae
2007 839 2222 929 gentis
2259 838 2650 935 historiam(
2681 868 2861 937 quae

816 968 1043 1027 tamen
1082 956 1353 1027 biennio
1390 968 1649 1025 tantum
1688 968 1839 1045 post
1883 952 2024 1045 ejus
2061 952 2318 1021 obitum
2356 953 2424 1023 in
2463 953 2682 1024 lucem
2727 980 2847 1026 ex-

810 1072 897 1147 iit
942 1078 1049 1167 (1)
1084 1078 1153 1164 )‚
1218 1074 1465 1144 additis
1514 1070 1919 1163 imaginibus
1981 1070 2330 1161 magnifico
2389 1087 2656 1163 sumptu
2694 1074 2848 1165 (2),

816 1218 897 1265 ac
934 1217 1139 1287 prope
1176 1191 1395 1285 regio.
1435 1192 1504 1263 S.
1546 1188 1828 1260 Zenonis
1883 1190 2128 1280 scripta
2171 1190 2489 1261 Veronae
2525 1186 2842 1261 antistitis

816 1312 907 1382 ab
968 1312 1335 1406 Augustino
1404 1312 1679 1382 Valerio
1737 1325 1929 1379 antea
1983 1307 2162 1378 edita
2199 1332 2419 1378 rursus
2471 1310 2581 1379 edi
2619 1311 2844 1401 splen-

819 1430 1040 1501 didius
1078 1430 1308 1525 jussit.
1342 1435 1429 1503 Et
1464 1428 1783 1499 ecclesiae
1821 1427 2196 1497 veronensis
2215 1426 2558 1497 historiam
2585 1427 2672 1497 ab
2704 1453 2846 1500 eru-

816 1544 979 1614 ditis
1020 1543 1179 1614 viris
1216 1542 1654 1633 conscriptam
1692 1540 1874 1635 jussu
1919 1563 2035 1609 suo
2072 1561 2192 1631 per
2229 1555 2420 1631 typos
2459 1540 2708 1631 publici
2743 1542 2842 1635 iu-

814 1665 905 1735 ris
946 1662 1103 1733 fecit
1125 1690 1146 1749 3
1190 1678 1265 1731 ut
1326 1661 1529 1729 etiam
1569 1660 1635 1729 S.
1675 1657 2034 1729 Gaudentii
2073 1674 2141 1725 et
2177 1654 2456 1725 aliorum
2493 1659 2840 1749 episcopo-

818 1798 965 1844 rum
1006 1773 1440 1842 brixiensium
1470 1794 1668 1861 opera
1705 1770 1894 1837 novis
1923 1768 2456 1838 annotationibus
2481 1786 2667 1839 aucta
2683 1768 2782 1861 (ὅ)
2812 1824 2840 1857 ‚

816 1908 985 1975 quae
1024 1900 1172 1974 post
1208 1884 1277 1951 in
1316 1882 1704 1951 collectione
1743 1898 2034 1951 veterum
2067 1900 2327 1973 patrum
2360 1882 2698 1954 brixianae
2733 1906 2840 1953 ec-

813 2001 1053 2071 clesiae
1098 1999 1445 2090 splendide
1483 1999 1712 2069 emisit
1745 2000 2224 2071 eruditissimus
2279 2001 2640 2099 Cardinalis
2695 2004 2837 2070 An-

817 2112 1002 2205 gelus
1052 2113 1269 2183 Maria
1300 2102 1624 2201 'Quirinus
1672 2112 1935 2183 Brixiae
1973 2113 2320 2205 episcopus
2344 2167 2360 2183 .

910 2230 1108 2301 Sacra
1146 2230 1477 2323 virginum
1508 2230 1828 2301 coenobia
1862 2231 2274 2321 aedificavit,
2307 2249 2376 2303 et
2401 2231 2628 2303 annuis
2651 2256 2837 2322 prae·

817 2360 999 2414 terea
1050 2344 1373 2415 reditibus
1428 2344 1754 2415 stabilivit
1790 2398 1807 2415 .
1867 2344 2234 2417 Seminaria
2278 2348 2524 2439 partim
2567 2346 2834 2437 refecit,

814 2460 1061 2553 partim
1102 2460 1571 2552 amplificavit3
1609 2461 2001 2532 Patavinum
2055 2462 2240 2532 auxit
2293 2461 2641 2550 nobiliter,
2688 2488 2832 2534 ma-

810 2577 1048 2670 gnifica
1085 2567 1472 2669 praesertim
1512 2596 1839 2649 exstructa
1873 2581 2019 2648 aula
2057 2559 2246 2650 libris
2272 2580 2682 2650 continendis
2718 2581 2832 2652 ad-

808 2691 1024 2762 dicta:
1066 2693 1333 2785 ejusque
1372 2691 1628 2782 regulas
1665 2694 1908 2761 servari
1947 2693 2154 2762 voluit
2191 2695 2678 2764 accuratissime
2701 2747 2716 2763 .

900 2811 1031 2899 Qui
1072 2810 1155 2876 de
1192 2809 1495 2878 omnibus
1522 2811 1877 2899 'magnifice
1933 2810 2301 2902 cogitabat,
2339 2813 2423 2882 de
2483 2836 2554 2883 se
2593 2813 2824 2883 admo·

810 2923 973 2993 dum
1030 2920 1315 2988 demisse
1354 2972 1371 2989 .
1430 2911 1770 2991 Cardinali
1817 2924 2054 2994 Carolo
2109 2925 2469 3019 Augustino
2531 2926 2826 3024 Fabrono

809 3063 963 3111 eum
1004 3037 1407 3124 adhortanti,
1446 3057 1519 3109 ut
1556 3059 1926 3132 pateretur,
1965 3069 2037 3114 se
2075 3044 2404 3115 nominari
2442 3043 2824 3136 episcopum

808 3151 1215 3224 brixiensem
1236 3183 1257 3242 3
1297 3171 1450 3226 tunc
1488 3157 1670 3226 enim
1707 3156 1964 3230 facilius
2026 3162 2245 3252 ipsum
2282 3161 2363 3230 ad
2399 3185 2652 3230 sacram
2680 3184 2830 3252 pur-

806 3289 1041 3358 puram
1081 3268 1273 3338 evehi
1309 3291 1544 3361 posse3
1581 3271 1842 3342 obstitit
1893 3275 2260 3345 constantia
2309 3274 2625 3366 singulari
2642 3305 2668 3365 3
2705 3296 2827 3345 nec

1490 3532 1900 3559 mmmmm
1907 3533 2150 3560 mmm

886 3697 986 3776 (ι)
1027 3697 1221 3779 Typis
1258 3698 1561 3761 seminarii
1597 3700 1852 3783 patavini
1896 3701 2045 3782 1732
2082 3699 2145 3760 in
2179 3699 2280 3761 fol.
2321 3721 2471 3764 max.

880 3804 980 3883 (2)
1024 3803 1180 3870 Vide
1236 3807 1387 3867 Acta
1443 3805 1791 3882 eruditorum
1839 3806 2199 3890 lipsiensium
2251 3805 2327 3867 ad
2393 3826 2606 3867 annum
2665 3805 2816 3888 1735

848 3925 877 3968 a
961 3927 1013 3968 1.

804 3925 847 3988 Ρ
871 3926 977 4094 ἕδ)
1019 4009 1285 4076 Prodiere
1321 4009 1543 4078 Patavii
1581 4012 1732 4096 typis
1771 4010 2107 4078 cominianis
2147 4031 2300 4080 anno
2349 4029 2502 4098 1720
2537 4009 2600 4072 in
2630 4015 2692 4089 4.
