3125 4975
7 1264 24 1305 ι-
8 914 28 1189 τἾ--ιΓὶ
8 802 15 843 ”’

991 333 1294 387 mamus
1329 334 1675 388 numum
2223 312 2355 408 541

323 480 392 533 et
419 462 566 553 ipse
602 456 858 547 aliquid
898 454 1277 525 domesticis
1307 478 1390 523 ex
1429 454 1758 525 historiis.
1799 459 2017 548 Quare
2054 460 2362 559 scripsit,

325 578 422 645 uti
461 573 795 655 diximus,
818 568 906 639 de
925 566 1113 653 lacto
1152 565 1546 651 Marchiae,
1572 570 1747 658 quod
1781 574 2039 643 saeculo
2082 574 2361 665 contigit

323 690 498 771 XII,
555 700 624 755 et
677 700 782 753 est
820 682 994 771 apud
1033 680 1384 749 Patavinos
1437 678 1506 747 in
1547 678 1780 770 primis
1818 682 2111 753 celebre.
2167 688 2361 757 Tunc

327 807 506 873 enim
565 804 706 887 illi,
744 820 814 871 et
850 800 1170 869 finitimae
1227 799 1528 867 civitates
1570 826 1607 867 a
1643 798 1961 871 Federico
2016 805 2051 870 1
2121 806 2363 873 ununi-

324 946 470 991 mes
533 900 892 993 discessere
915 970 932 987 .
1001 921 1368 989 Occurrunt
1429 936 1653 987 autem
1716 920 1789 989 in
1852 918 1977 989 hoc
2044 922 2357 1010 opusculo

325 1040 574 1133 passim
615 1039 822 1109 multa
859 1037 945 1107 de
1003 1037 1296 1107 moribus
1345 1052 1414 1105 et
1467 1037 2049 1107 consuetudinibus
2086 1038 2354 1111 illorum

327 1177 740 1250 temporum3
797 1180 966 1247 quae
1019 1179 1168 1224 cum
1209 1153 1540 1225 veteribus
1589 1156 2030 1226 monumentis
2066 1156 2362 1229 nitantur

321 1278 545 1346 omnia
564 1330 585 1363 ,
625 1275 901 1343 mirifice
936 1274 1268 1343 illustrant
1303 1276 1685 1364 opusculum
1725 1274 1945 1364 ipsum
1973 1328 1994 1359 ,
2032 1292 2099 1344 et
2146 1298 2356 1345 remo-

325 1391 512 1459 tioris
549 1388 791 1457 saeculi
833 1387 1010 1455 illius
1051 1386 1434 1455 historiam.
1485 1387 1590 1455 Ibi
1644 1390 1955 1458 nonnulla
2004 1391 2351 1460 Brunatius

321 1522 589 1575 revocat
627 1516 790 1573 a·‘se
829 1505 1002 1575 dicta
1037 1505 1108 1575 in
1143 1505 1316 1574 libro
1369 1500 1456 1573 de
1502 1528 1577 1572 re
1628 1504 1935 1575 numaria
1972 1506 2341 1578 Patavino-

329 1640 516 1687 rum.
2182 1614 2191 1621 ’

422 1730 608 1805 Haeo
645 1734 960 1805 scribenti
999 1736 1172 1805 mihi
1210 1734 1343 1807 alia
1377 1759 1449 1805 se
1485 1734 1680 1805 offert
1714 1737 2009 1808 Brunatii
2059 1738 2343 1830 epistola

317 1854 406 1927 de
443 1855 628 1925 cultu
665 1853 795 1923 lini
825 1855 1008 1945 apud
1044 1852 1403 1924 Patavinos
1437 1853 1849 1943 antiquiores
1871 1908 1893 1941 ,
1941 1855 2031 1925 ad
2082 1860 2189 1927 J0.
2224 1856 2341 1927 Al-

313 1966 578 2039 bertum
617 1968 671 2037 C
672 1965 1014 2039 olumbum
1049 1964 1204 2037 abb.
1247 1966 1675 2037 casinensem
1691 2023 1714 2056 ,
1763 1980 1831 2037 et
1859 1970 2159 2058 patavini
2196 1972 2341 2059 Gy..

305 2086 558 2158 :masii
588 2084 744 2178 pub.
791 2086 1236 2178 professorem
1263 2136 1281 2156 .
1337 2088 1749 2179 Propositam
1803 2087 2335 2179 disquisitionem

307 2225 650 2292 aggressus
709 2200 1042 2290 superiora
1097 2201 1356 2269 saecula
1413 2202 1805 2291 singillatim
1862 2204 2214 2293 percurrit,
2270 2217 2339 2271 et

309 2302 396 2383 ad
455 2336 700 2381 nonum
752 2336 954 2403 usque
1015 2313 1137 2382 lini
1191 2315 1404 2382 cultus
1457 2316 1923 2404 antiquitatem
1991 2316 2335 2387 extendit.

315 2435 417 2503 Ac
453 2452 540 2498 ne
575 2428 724 2520 quis
761 2430 1055 2518 dubitet,
1095 2432 1370 2502 vetustis
1409 2432 1653 2501 chartis
1692 2450 1889 2522 atque
1930 2435 2335 2506 membranis

307 2573 396 2621 ex
433 2547 768 2619 coenobiis
805 2550 1067 2640 petitis,
1097 2574 1207 2620 =ex
1245 2550 1585 2620 tabulariis
1624 2569 1691 2620 et
1737 2552 2161 2622 bibliothecis
2216 2555 2337 2624 de-

313 2666 673 2758 promptis,
737 2666 998 2734 statutis
1061 2667 1384 2757 publicis,
1449 2666 1821 2756 omnigenis
1888 2669 2333 2742 monumentis

307 2805 448 2851 rem
485 2781 558 2848 in
595 2796 820 2869 aperto
859 2779 1046 2869 ponit
1070 2832 1092 2865 ,
1123 2795 1194 2848 et
1231 2781 1312 2848 ad
1351 2780 1755 2849 evidentiam
1794 2779 2111 2850 traducit.

397 2901 686 2970 Joannes
737 2898 1004 2966 interim
1063 2916 1400 2988 cooptatus
1457 2916 1559 2969 est
1614 2899 1685 2968 in
1738 2899 2039 2970 ordinem
2094 2898 2333 2968 acade-

308 3013 679 3097 micorum,
742 3012 934 3102 vulgo
980 3009 1330 3082 Βίωνι-αεὶ
1369 3016 1515 3104 (ι).
1576 3014 1711 3084 Ubi
1767 3014 2055 3103 primum
2116 3013 2335 3084 eidem

311 3127 526 3218 patuit
557 3125 934 3208 academia,
967 3126 1050 3194 ad
1080 3125 1358 3216 gratiam
1386 3135 1424 3194 a
1449 3128 1778 3218 patavinis
1810 3125 2067 3194 civibus
2106 3126 2337 3197 ineun-

312 3245 506 3330 dam,
550 3245 630 3312 de
669 3244 1012 3313 vernacula
1048 3245 1338 3335 ipsorum
1389 3244 1611 3340 lingua
1665 3243 2009 3327 disseruit,
2050 3244 2132 3312 de
2188 3246 2328 3336 pri-

227 3399 266 3467 .-
311 3388 422 3434 ma
461 3362 715 3434 scilicet
753 3363 933 3432 illius
973 3362 1263 3454 origine,
1302 3375 1502 3455 quam
1537 3362 1779 3454 repetit
1817 3361 2203 3430 duodecimo
2240 3361 2327 3433 ab

305 3502 513 3574 usque
551 3478 808 3549 saeculo
845 3477 1228 3548 certissimis
1268 3477 1677 3547 documentis
1730 3476 2119 3548 instructus.
2165 3479 2327 3550 cul.

987 3713 1643 3746 mmmmm-u·

393 3859 490 3936 (ι)
533 3859 612 3919 Et
647 3803 724 3920 in·
745 3855 888 3920 alias
926 3855 1268 3923 Academias
1303 3868 1601 3944 cooptatus
1640 3854 1751 3918 fuit
1786 3875 1905 3918 uon
1940 3858 2127 3923 solum
2160 3858 2229 3924 iu
2265 3859 2319 3924 1-

311 3965 452 4036 talia
473 4012 490 4044 ,
533 3966 636 4032 sed
673 3968 839 4032 etiam
874 3981 1030 4032 extra
1055 4009 1074 4030 .
1655 3982 1662 3988 ’
