3125 4975
742 262 886 353 343

1055 490 1409 559 JOANNIS
1449 486 1861 552 BRUNATII
1903 486 2173 549 OPERA
2216 488 2489 551 EDITA

823 719 1009 851 Del
1043 786 1353 866 ringraziar
1387 784 1508 843 Dio
1531 827 1550 856 ,
1592 782 2037 863 Ragionamento
2062 823 2077 840 .
2118 778 2350 840 Padova
2391 800 2495 863 per
2528 774 2571 841 il
2616 780 2785 841 Con-

753 896 889 959 tatii
933 916 1064 954 ann.
1115 896 1264 973 1734
1301 892 1363 949 in
1417 909 1504 949 12.

829 1004 925 1063 De
965 1022 1026 1061 re
1084 999 1342 1059 numaria
1379 992 1778 1055 Patavinorum
1804 1040 1819 1055 .
1862 994 2125 1055 venetiis
2166 994 2315 1076 typis
2356 993 2450 1054 Jo.
2490 994 2783 1075 Baptistae

745 1107 1012 1188 Pasquali
1053 1082 1186 1165 ιιιιιι.
1239 1110 1386 1184 1744
1424 1104 1486 1161 in
1525 1104 1583 1163 8.
1616 1103 1781 1182 Opus
1809 1102 2014 1160 iterum
2046 1100 2262 1161 editum
2288 1098 2609 1160 Mediolani
2639 1122 2777 1158 ann.

756 1214 904 1295 1750
947 1216 1009 1275 in
1043 1215 1108 1273 P.
1151 1214 1176 1272 1
1219 1209 1293 1271 de
1324 1209 1564 1269 monetis
1610 1210 1809 1269 Italiae
1848 1230 1977 1289 pag.
2024 1229 2159 1269 221.

831 1322 1274 1401 Ragionamento
1311 1338 1480 1399 sopra
1517 1318 1562 1377 il
1604 1316 1769 1376 titolo
1810 1316 1873 1375 di
1926 1315 2327 1381 canonichesse
2380 1314 2531 1375 nelle
2586 1334 2781 1373 mona-

751 1419 856 1481 che
895 1420 956 1480 di
995 1423 1058 1485 S.
1101 1420 1287 1479 Pietro
1311 1463 1326 1480 .
1370 1417 1602 1481 Padova
1634 1418 1731 1483 nel
1767 1414 2082 1477 seminario
2113 1438 2246 1477 ann.
2298 1416 2444 1496 1745
2482 1418 2544 1477 in
2580 1420 2640 1478 8.

831 1522 1238 1605 Pompouatius
1265 1566 1278 1581 .
1321 1522 1524 1581 Exstat
1549 1520 1627 1590 ,in
1663 1518 1885 1579 collect.
1931 1519 2307 1599 Calogeriana
2344 1520 2431 1579 T.
2454 1518 2605 1579 XLI
2624 1538 2679 1599 p.
2704 1540 2767 1579 -1.

836 1626 934 1693 De
973 1622 1282 1691 Benedicto
1323 1626 1581 1713 Tyifiaco
1622 1641 1929 1687 mantuano
1953 1671 1971 1699 ‚
1990 1624 2264 1708 Epistola
2287 1622 2360 1685 ad
2393 1627 2616 1683 Pemim
2639 1626 2777 1685 Bar-

752 1728 1022 1793 badicum
1064 1744 1243 1790 senat.
1289 1742 1476 1787 venet.
1519 1728 1685 1787 Exst.
1734 1722 1877 1785 ibid.
1902 1720 2079 1785 Tom.
2118 1726 2348 1787 XLIII.
2390 1746 2523 1807 pag.
2568 1746 2615 1783 ι.

829 1840 926 1897 Da
975 1836 1126 1895 facto
1165 1809 1502 1907 Marchiae,
1558 1835 1749 1915 Epist.
1790 1831 1954 1893 Exst.
1986 1830 2128 1893 ibid.
2164 1834 2246 1893 T.
2290 1830 2492 1892 XLV.
2528 1852 2653 1913 pag.
2685 1830 2777 1890 13.

831 1942 1091 2021 Epistola
1132 1938 1208 2001 ad
1247 1940 1312 1999 P.
1340 1932 1691 2001 Anselmum
1726 1938 2154 2011 Costadonum.
2190 1941 2353 2000 Exst.
2394 1936 2534 1997 ibid.
2601 1938 2780 2008 Τοιιι.

756 2050 970 2111 XLVI
1011 2065 1142 2129 pag.
1191 2047 1320 2123 145.

841 2151 1090 2217 Lezione
1135 2147 1308 2210 delle
1325 2150 1550 2210 antiche
1596 2142 1801 2232 origini
1841 2146 1991 2211 della
2048 2146 2243 2230 lingua
2280 2147 2511 2230 volgare
2570 2146 2659 2208 de’
2678 2146 2785 2207 Pa-

751 2257 964 2320 dovani
1002 2279 1034 2317 e
1072 2254 1134 2317 d'
1145 2255 1316 2319 Italia
1339 2301 1354 2319 .
1377 2259 1634 2321 Venetia
1676 2280 1870 2341 presso
1905 2260 1949 2329 il
1992 2258 2280 2338 Bassaglia
2306 2280 2437 2317 nnn.
2472 2255 2695 2337 1759iu
2716 2264 2776 2331 4.

835 2367 934 2427 De
979 2366 1140 2429 cultu
1193 2366 1318 2427 lini.
1350 2366 1504 2449 apud
1540 2370 1846 2427 Patavinos
1898 2368 2285 2447 antiquiores,
2326 2366 2588 2447 Epistola
2612 2413 2626 2428 .
2684 2368 2789 2430 Sta

755 2465 854 2529 nel
889 2468 1313 2550 Protogiomale
1351 2468 1413 2530 di
1452 2470 1641 2530 Pietro
1684 2470 1871 2532 Vanzi
1904 2491 2039 2530 ειιιιι.
2089 2470 2235 2549 1778
2275 2489 2403 2550 pag.
2448 2467 2543 2529 55.

835 2569 1173 2634 Chai-tarum
1207 2570 1466 2632 coenobii
1525 2573 1589 2634 S.
1646 2571 1909 2632 ,Iustinae
1968 2570 2309 2654 explicatio.
2352 2571 2567 2632 Patavii
2622 2571 2782 2652 typis

755 2675 1027 2740 Conzatti
1069 2695 1201 2736 ann.
1247 2678 1392 2755 1763
1434 2675 1496 2734 in
1535 2682 1592 2752 4.

845 2783 1086 2846 Monete
1125 2781 1210 2838 tr'e
1251 2782 1458 2840 estensi
1499 2771 1820 2858 illustrate,
1862 2779 2138 2844 Lettera.
2202 2783 2386 2846 Senza
2422 2779 2591 2864 luogo
2650 2803 2784 2844 ann.

755 2883 918 2963 1763
959 2884 1021 2941 in
1059 2888 1116 2956 4.

839 2982 981 3048 Vita
1021 2983 1409 3044 antichissima
1447 2981 1602 3045 della
1658 2987 1726 3046 Β.
1768 2985 2025 3046 Beati-icc
2084 2987 2140 3048 d
2160 2987 2299 3048 Este
2350 3007 2459 3048 con
2526 2939 2791 3053 disserta-

761 3089 950 3148 zioni.
994 3085 1226 3149 padova
1265 3088 1360 3148 nel
1399 3089 1717 3150 Seminario
1758 3111 1892 3148 ann.
1942 3091 2087 3171 1767
2128 3091 2189 3149 in
2226 3099 2284 3165 4.

839 3191 1101 3270 Epistola
1151 3190 1255 3252 ad·
1285 3189 1657 3252 Dominicum
1694 3187 1965 3252 Maurum
2002 3193 2258 3254 Salmaso
2294 3191 2365 3252 de
2406 3191 2605 3253 codice
2668 3194 2793 3276 epi-

760 3286 1042 3357 stolarum'
1065 3297 1218 3368 Petri
1255 3297 1419 3358 Pauli
1457 3298 1721 3378 Vei-gerii
1746 3343 1761 3359 .
1805 3303 2010 3360 Exstat
2050 3321 2177 3361 cum
2217 3298 2472 3391 ejusdem
2524 3300 2788 3381 Vei-gerii

761 3399 1050 3483 opusculis
1093 3401 1314 3462 Patavii
1349 3397 1488 3462 edit.
1527 3423 1660 3462 anu.
1709 3405 1854 3484 1767
1895 3403 1953 3463 in
1997 3405 2052 3464 8.

847 3503 1110 3564 Consorti
1147 3501 1300 3562 della
1339 3501 1685 3566 medicatum
1725 3504 1878 3586 degli
1917 3504 2117 3568 occhi.
2158 3506 2387 3570 Padova
2440 3501 2787 3586 anu.1765

765 3613 828 3671 in
869 3625 927 3688 4.

841 3719 938 3778 De
965 3719 1214 3833 leprosis
1259 3719 1409 3802 apud
1450 3723 1789 3786 Patavinos.
1828 3719 1977 3784 Ibid.
2040 3725 2192 3807 typis
2256 3721 2609 3784 Cominianis
2654 3743 2795 3788 aun.

771 3841 923 3904 1772
959 3821 1023 3882 in
1057 3829 1114 3899 4.
