3125 4975
939 346 1182 405 neom
1219 352 1632 413 Faccrom'rt
2179 334 2313 413 133

271 471 348 547 in
391 501 542 549 eum
584 492 1032 561 successores3
1071 477 1243 545 inter
1277 474 1398 545 hos
1436 469 1769 564 Angelum
1809 474 2166 567 Blancum,
2192 482 2309 551 ho.

269 596 530 663 minem
551 594 678 661 sihi
709 577 1236 677 deditissimum,
1259 592 1679 681 maximeque
1714 594 2133 681 devinctum,
2162 590 2305 687 Quo·

273 732 420 777 non
449 700 829 793 devinctior
861 705 1042 775 alter
1079 705 1225 795 (ι).
1261 706 1452 775 Hunc
1489 704 1734 783 levavit
1757 724 1941 797 parte
1976 710 2190 779 oneris
2228 712 2308 781 ea
2378 780 2381 791 ,

273 820 660 889 conditione
682 872 705 903 ‚
747 835 821 887 ut
873 816 1194 903 atestinos
1253 818 1528 887 clericos
1581 818 1823 887 litteris
1892 818 2307 907 institueret,

273 934 494 1027 quoad
526 935 598 1003 id
633 932 1034 1003 canonicalis
1073 930 1270 1001 officii
1311 933 1478 1001 ratio
1515 948 1881 1022 pateretur.

378 1056 567 1143 Quae
605 1076 797 1143 porro
849 1049 1032 1121 illius
1089 1050 1428 1119 miseratio
1481 1051 1550 1117 iu
1592 1050 1874 1141 egenos!
1940 1050 2313 1123 Videbatur

293 1168 460 1235 haec
517 1190 666 1235 cum
725 1164 845 1236 illo
895 1187 1156 1257 egressa
1211 1187 1296 1231 ex
1332 1181 1516 1231 utero
1553 1165 1825 1233 matris.
1866 1164 1969 1243 In⁴
2008 1167 2312 1254 eosdem,

289 1308 507 1373 paene
541 1286 828 1353 dixerim
852 1337 874 1372 ,
909 1283 1218 1373 prodigus
1243 1336 1264 1369 ‚
1302 1282 1599 1351 lacrimis
1636 1282 1841 1352 etiam
1880 1284 2133 1379 horumj
2170 1308 2321 1379 pro·

285 1402 688 1493 sequebatur
725 1422 1102 1469 aerumnas.
1123 1402 1291 1469 Cum
1331 1402 1685 1491 aliquando
1722 1424 1807 1469 ex
1845 1401 1909 1469 vi
1941 1402 2150 1471 morbi
2178 1427 2308 1471 non

294 1520 462 1589 satis
499 1518 634 1589 sibi
673 1532 1033 1602 constaret,
1085 1542 1164 1587 ea
1217 1516 1601 1604 effutiebat,
1656 1542 1825 1609 quae
1870 1520 2313 1589 certissimum

295 1636 446 1728 ejus
495 1656 855 1726 propensae
889 1634 960 1701 in
998 1634 1255 1725 indigos
1317 1635 1671 1705 voluntatis
1732 1636 2085 1705 indicium.
2142 1640 2316 1705 Eum

299 1771 562 1817 sensere
597 1748 962 1817 beneficum
1002 1771 1160 1838 prae
1197 1749 1352 1817 aliis
1399 1748 1706 1819 omnibus
1746 1750 2099 1819 'Tauriliae
2154 1772 2319 1841 pau-

285 1890 474 1957 peres
495 1919 518 1951 ,
555 1866 796 1957 quibus
832 1866 1112 1935 subsidii
1152 1866 1511 1957 plurimum
1553 1884 1945 1937 testamento
1993 1868 2267 1959 legavit.

377 1984 482 2055 Ad
539 1984 678 2079 ejus
741 1986 1130 2078 religionem
1184 1986 1360 2076 quod
1418 1986 1707 2071 attinet,
1746 1984 1872 2057 fuit
1910 2010 1989 2057 ea
2042 1987 2313 2077 quidem

960 2162 1210 2188 mm
1217 2148 1627 2189 musmo-nw-

287 2296 516 2387 patriae
542 2350 561 2378 ,
593 2295 708 2381 se&
745 2326 864 2365 non
911 2307 1100 2388 potuit
1138 2298 1374 2366 ulterius
1413 2298 1703 2388 progredi,
1742 2308 2075 2371 necessariis
2124 2327 2327 2369 monu-

293 2421 510 2470 mentis
551 2423 744 2465 carens
771 2451 786 2465 .

379 2510 618 2570 Interim
653 2523 908 2571 evaserat
947 2492 1203 2585 celeber,
1240 2519 1550 2595 propagata
1606 2527 1710 2594 per
1748 2520 1911 2595 typos
1949 2511 2133 2574 fama.
2175 2511 2321 2574 llluss

303 2611 520 2675 utribus
574 2613 894 2697 adscriptus
932 2612 1258 2676 Academis
1288 2661 1308 2688 ,
1364 2611 1791 2674 litteratissimis
1852 2607 1993 2674 viris
2033 2613 2094 2672 in
2144 2618 2329 2696 pretio

297 2718 440 2791 fuit,
477 2715 696 2800 Vulpio
734 2716 1098 2798 praesertim,
1131 2729 1188 2775 et
1229 2717 1591 2787 Facciolato,
1638 2736 1805 2797 quem
1846 2729 1904 2774 et
1941 2713 2146 2774 absens
2186 2713 2335 2771 litte-

302 2823 414 2894 ris,
435 2837 496 2884 et
513 2841 780 2906 praesens
801 2823 952 2884 omni
981 2843 1214 2906 prorsus
1241 2823 1434 2886 officio
1457 2825 1635 2886 coluit
1652 2861 1665 2884 ι
1696 2823 1966 2890 Virorum
1988 2821 2153 2882 etiam
2174 2819 2333 2900 prin-

305 2927 496 3006 cipum
534 2925 784 2986 stu-dium
809 2927 876 2986 in
913 2948 976 2986 se
996 2927 1278 2986 convertit
1299 2951 1320 3000 ;
1339 2949 1476 3008 prae
1507 2929 1717 2989 ceteris
1752 2925 2150 2990 Cardinalium-
2178 2925 2345 2984 Livi·

303 3032 432 3090 zani
467 3045 526 3091 et
561 3032 792 3093 Boschii
816 3077 832 3094 .
873 3034 1034 3117 Quin
1071 3033 1184 3116 ipsi
1227 3033 1538 3096 Benedicto
1566 3037 1723 3101 xlv
1762 3033 1906 3097 adeo
1944 3057 2007 3098 se
2042 3032 2333 3118 probavit,

295 3153 361 3198 ut
400 3136 476 3198 ab
511 3135 710 3198 eodem
745 3139 972 3200 oblatus
1009 3139 1098 3200 illi
1137 3141 1310 3200 fuerit
1353 3139 1751 3222 episcopatus,
1788 3140 1881 3200 cui
1940 3159 2002 3200 se
2054 3131 2335 3198 subtraxit

303 3234 572 3298 Andreas
609 3257 724 3298 non
759 3241 981 3320 vulgari
1017 3235 1424 3318 moderationis
1459 3241 1719 3322 exemplo
1744 3287 1757 3300 .
1800 3238 1899 3300 De
1938 3233 2135 3300 eodem
2182 3259 2339 3312 men,

299 3341 522 3402 tionem
571 3341 788 3399 faciunt
835 3339 1240 3424 Ephemerides
1299 3341 1617 3402 litterariae
1662 3346 1691 3421 (
1732 3343 1825 3400 Le
1882 3341 2135 3399 Nos-elle
2172 3341 2341 3401 della

295 3447 654 3529 repubblz‘ca
697 3449 1006 3510 letter-aria
1035 3452 1068 3526 )
1131 3447 1207 3531 ad
1265 3469 1478 3510 annum
1535 3455 1683 3531 1747
1712 3433 1743 3524 ¹,
1806 3455 1863 3507 et
1888 3445 2336 3508 Mazzuchellius

301 3554 443 3618 Vol.
486 3555 566 3615 11.
611 3575 744 3637 pag.
785 3557 922 3617 522.

384 3659 560 3719 Anno
581 3657 798 3720 saeculi
819 3659 1000 3742 elapsi
1045 3671 1196 3720 nono
1225 3673 1282 3721 et
1323 3659 1797 3741 quinquagesimo
1841 3679 1911 3720 ex
1946 3655 2055 3718 hac
2088 3657 2207 3721 vita
2243 3657 2353 3715 mi·-

305 3763 528 3840 gravit,
565 3761 951 3825 moerentibus
991 3767 1418 3848 spectatissimis
1456 3766 1633 3842 viriS,
1684 3767 1779 3848 qui
1812 3763 2069 3827 eumdem
2111 3762 2335 3824 funebri

293 3866 636 3930 laudatione
679 3871 1067 3931 exornandum
1110 3887 1404 3933 curarunt.

381 3980 488 4058 (ι)
531 3978 732 4041 Horat.
775 3979 819 4041 l.
869 3999 920 4040 1.
962 3980 1088 4043 Sat.
1131 3979 1189 4042 5.
1231 4001 1381 4043 vers.
1421 3983 1518 4056 45.
