3125 4975
776 352 909 447 104
966 440 976 453 ·
1344 390 1363 411 .-
1456 346 1473 362 ’
1697 360 1866 421 vm

671 502 687 517 '
764 526 911 573 cam
954 486 1453 592 grammaticam
1492 494 1574 563 ad
1617 496 1957 563 meliorem
1997 492 2280 567 formam
2319 492 2612 593 redegit,
2662 501 2793 585 alia

762 614 1100 701 recidens,
1138 608 1253 683 ubi
1292 624 1455 701 opus
1502 626 1772 695 erat,et
1811 609 1944 678 alia
1981 608 2302 703 adjiciens
2325 666 2343 681 .
2367 618 2544 687 Tum
2575 644 2796 692 emen-

766 729 952 801 davit
984 743 1055 798 et
1090 726 1276 796 auxit
1312 725 1702 809 oratoriam,
1723 724 1818 805 uti
1857 722 2040 817 ajunt
2057 776 2079 809 ,
2103 726 2608 820 calligraphiam
2645 738 2795 825 (1),

764 844 987 915 allatis
1026 839 1331 933 plurimis
1368 854 1438 909 et
1472 837 1736 909 selectis
1775 838 2034 907 dicendi
2073 840 2293 911 modis
2331 868 2416 911 ex
2469 848 2795 918 Aristote-

766 962 873 1050 le,
910 960 1353 1053 Xenophonte
1379 1012 1401 1046 ‚
1436 957 1868 1049 Thucydide,
1907 958 2182 1048 aliisque
2223 963 2600 1050 permultis,
2633 989 2794 1055 quos

764 1079 975 1175 probe
1006 1096 1315 1166 noverat,
1344 1079 1636 1171 optimae
1663 1090 1866 1147 ‘notae
1903 1078 2272 1149 auctoribus
2295 1132 2310 1148 .
2351 1083 2628 1173 Quaque
2667 1086 2794 1174 ipsi

754 1184 1025 1269 »ratione
1080 1193 1381 1285 usurpari
1437 1193 1764 1278 debeant,
1819 1194 2128 1282 exemplo
2181 1194 2414 1281 docet,
2463 1216 2530 1265 et
2587 1200 2796 1269 varias

774 1308 1117 1381 nominum
1158 1331 1235 1377 ac
1273 1305 1616 1377 verborum
1666 1305 2174 1397 significationes
2211 1308 2536 1377 ostendit.
2571 1310 2678 1380 Sic
2707 1328 2800 1379 et-

776 1430 915 1499 iam
968 1426 1055 1497 ab
1112 1426 1523 1495 adolescente
1582 1424 1796 1517 parari
1853 1436 2069 1514 potest
2123 1424 2450 1517 elegantia
2483 1442 2554 1497 et
2609 1429 2796 1518 copia

780 1541 1105 1612 sennonis
1142 1539 1376 1635 hujus,
1416 1538 1529 1631 qui
1568 1539 1786 1609 eidem
1827 1536 2420 1609 familiarissimus.

874 1636 1151 1751 Quoties
1180 1660 1361 1731 o'nim
1390 1660 1519 1751 ipsi
1550 1658 1834 1729 lubitum
1853 1710 1875 1744 ,
1901 1658 2289 1751 loquebatur
2313 1679 2538 1750 graece
2559 1688 2580 1746 3
2607 1660 2809 1751 quod-

784 1804 915 1873 que
950 1783 1235 1865 mirum,
1270 1795 1409 1849 tam
1448 1780 1760 1869 expedita
1817 1802 1894 1849 ac
1947 1779 2271 1869 profluens
2308 1794 2447 1848 erat
2485 1779 2806 1869 loquendi

790 1898 1095 1967 celeritas
1116 1951 1138 1985 ‚
1176 1913 1315 1967 tam
1354 1899 1650 1989 expolita
1685 1898 2092 1968 concinnitas
2116 1951 2136 1983 ,
2173 1915 2246 1967 ut
2279 1899 2596 1968 meditate
2617 1951 2638 1985 ,
2674 1922 2810 1968 non

790 2040 879 2089 ex
913 2034 1206 2107 tempore
1246 2017 1575 2087 videretur
1607 2017 1830 2109 loqui,
1857 2017 2266 2107 stupentibus
2295 2014 2565 2087 Graecis
2597 2018 2763 2109 ipsis
2787 2068 2808 2089 .

794 2136 898 2203 Ex
932 2130 1057 2201 hoc
1095 2130 1443 2224 praecipue
1496 2130 1676 2201 fonte
1731 2130 2040 2222 profluxit
2075 2130 2158 2202 ad
2213 2128 2454 2201 famam
2479 2184 2498 2217 ,
2535 2148 2610 2201 ut
2661 2133 2808 2200 ani-

794 2242 1149 2317 madvertit
1184 2242 1387 2313 etiam
1424 2246 1802 2315 Cesarottus
1824 2245 1893 2315 in
1931 2246 2238 2335 patavino
2271 2247 2636 2337 Gymnasio
2667 2270 2812 2337 pro-

796 2342 1015 2427 fessor⁴
1058 2357 1318 2451 linguae
1358 2358 1551 2452 hujus
1609 2360 2255 2451 experientissimus,
2293 2360 2364 2433 in
2411 2360 2688 2452 epistola
2727 2360 2812 2429 ad
2907 2416 2914 2421 .

798 2472 1173 2560 Deninam,
1207 2472 1323 2543 ubi
1360 2494 1835 2546 commemorat
1885 2474 1968 2545 de
2023 2475 2277 2544 civibus
2317 2476 2644 2564 patavinis
2697 2474 2812 2544 lit-

801 2605 1088 2662 terarum
1124 2590 1319 2662 laude
1355 2594 1876 2683 praestantibus,
1931 2613 2092 2678 quos
2130 2589 2302 2655 inter
2353 2601 2652 2656 recenset
2699 2589 2817 2660 Ja-

803 2704 1134 2780 cohettum
1158 2756 1175 2773 .
1214 2705 1346 2776 Sed
1384 2705 1467 2773 de
1502 2704 1884 2774 celebritate
1937 2699 2115 2768 illius
2153 2698 2346 2790 paulo
2402 2713 2589 2790 post:
2646 2725 2820 2771 nune

810 2825 941 2894 alia
976 2825 1059 2892 de
1104 2815 1400 2914 ejusdem
1437 2820 1801 2888 eruditione
1823 2867 1839 2884 .

896 2969 937 3004 n
976 2935 1314 3024 Quidquid
1337 2935 1596 3026 (inquit
1613 2935 1965 3006 Babolinus
2001 2935 2072 3006 in
2109 2935 2386 3027 epistola
2413 2938 2492 3008 ad
2525 2939 2826 3010 illustris-

808 3089 849 3128 υ
891 3059 1135 3130 simum
1160 3077 1235 3122 ac
1272 3055 1890 3126 reverendissimum
1927 3057 2030 3128 Jo.
2053 3058 2416 3127 Minottum
2437 3058 2818 3148 episcopum

808 3207 848 3246 n
896 3172 1275 3268 patavinum
1312 3228 1334 3262 ‚
1384 3176 1748 3265 praemissa
1805 3177 2132 3266 opusculis
2193 3175 2572 3266 Jacobetti)
2629 3176 2824 3268 quid-

812 3325 851 3364 »
898 3293 1056 3386 quid
1094 3293 1521 3383 eruditionis,
1558 3296 1886 3388 quidquid·
1917 3297 2346 3367 humanitatis
2383 3297 2824 3368 Seminarium

814 3435 854 3474 ω
900 3407 1281 3498 patavinum
1313 3409 1383 3479 in
1420 3409 1720 3480 alumnos
1757 3431 1909 3479 vere
1946 3408 2341 3495 industrios,
2377 3425 2446 3480 et
2471 3407 2828 3500 propinan-

1498 3639 2067 3668 m0mmffl
2075 3641 2154 3668 §w

908 3782 1007 3862 (ι)
1048 3779 1226 3844 Edita
1264 3781 1375 3842 fuit
1410 3801 1543 3841 anu.
1595 3782 1744 3862 1692
1795 3782 1946 3865 typis
1983 3781 2284 3846 seminarii
2318 3779 2609 3864 patavini,
2648 3791 2706 3841 et
2743 3779 2836 3842 di-

824 3890 954 3950 bata
990 3911 1024 3950 a
1062 3887 1281 3950 Jacobo
1316 3935 1341 3965 ‚
1378 3888 1625 3950 Nicolao
1653 3889 1970 3952 Calliachio
2013 3891 2258 3952 cretensi
2295 3891 2360 3950 in
2397 3890 2671 3972 patavino
2709 3889 2842 3970 Gy<

822 3991 1044 4072 nmio
1078 3989 1471 4060 humaniorum
1498 3991 1817 4056 litterarum
1847 3993 2154 4077 professori
2173 4035 2196 4060 0
