3125 4975
718 438 725 445 ,
788 344 919 433 108
1711 354 1878 417 vm

770 489 1037 563 Accidit
1080 506 1211 559 non
1250 472 1458 556 multo
1510 499 1704 576 post,
1741 500 1818 552 ut
1875 483 2124 553 aetatis
2193 484 2584 559 missionem
2623 478 2808 564 obti-
2853 500 2858 505 “

770 609 987 679 nuerit
1024 605 1373 677 canonicus
1417 602 1746 701 Carlottus
1789 601 1886 671 vir
1921 601 2256 691 optimus,
2311 620 2381 680 et
2415 606 2484 675 in
2538 610 2805 700 publico

774 724 1086 817 patavino
1134 722 1509 812 Gynmasio
1559 720 1812 793 ethices
1862 717 2189 821 professor
2227 772 2244 789 .
2301 724 2406 793 Ad
2455 724 2626 797 hanc
2667 746 2806 799 tra-

768 841 1057 913 dendam
1102 856 1363 909 vocatus
1402 856 1505 910 est
1540 864 1580 909 a
1616 838 1955 909 litterariis
1993 838 2367 911 triumviris
2412 844 2796 919 Jacobettus

774 984 927 1031 ann.
988 960 1159 1049 1718
1212 958 1351 1029 XV
1388 958 1532 1028 Cal.
1591 954 1930 1047 Septemb.
1991 957 2282 1027 Recusat
2317 956 2429 1028 hic
2482 960 2796 1034 honorem

774 1088 1031 1159 tantum
1080 1072 1208 1141 sibi
1258 1072 1429 1141 ultro
1484 1068 1782 1139 oblatum
1831 1066 1988 1159 (ι),
2045 1068 2157 1161 qui
2199 1094 2238 1139 a
2293 1071 2626 1165 plerisque
2679 1100 2798 1147 ex..

772 1190 1022 1282 petitur
1061 1188 1231 1259 votis
1279 1188 1618 1274 omnibus,
1655 1203 1724 1257 et
1767 1186 2076 1257 omnibus
2109 1189 2314 1259 etiam
2347 1188 2578 1261 officiis
2605 1214 2796 1283 quae-

778 1303 979 1373 ritur.
1018 1302 1171 1373 Non
1208 1303 1381 1393 quod
1417 1302 1818 1371 laboriosum
1863 1323 2102 1370 munus
2139 1298 2489 1394 effugeret,
2519 1324 2665 1373 curn
2699 1304 2800 1373 in·

783 1432 885 1485 ter
920 1416 1179 1489 labores
1217 1416 1544 1489 extinctus
1583 1412 1711 1502 sit3
1749 1412 1864 1483 sed
1899 1414 2076 1503 quod
2113 1412 2331 1485 eidem
2379 1416 2794 1503 sustinendo,

778 1529 877 1599 uti
916 1529 1144 1615 decet,
1176 1545 1333 1599 tunc
1370 1529 1696 1619 imparem
1733 1550 1805 1597 se
1839 1530 2456 1617 putaret.Fortasse
2493 1530 2666 1622 quod
2691 1529 2798 1601 de-

785 1646 961 1718 ditus
1000 1648 1153 1720 aliis
1188 1646 1427 1719 studiis
1469 1645 1702 1716 fuisset
1737 1667 2000 1737 semper
2033 1664 2226 1718 antea
2253 1702 2270 1717 .

878 1762 1289 1833 Detrectanti
1330 1779 1670 1833 occurrunt
1707 1762 2112 1850 doctissimi,
2151 1766 2492 1857 eidemque
2529 1764 2804 1834 amicis-

788 1876 945 1945 simi
994 1877 1117 1947 viri
1156 1876 1283 1947 duo
1338 1875 1529 1969 hujus
1579 1876 1788 1966 ipsius
1835 1876 2080 1968 publici
2119 1878 2404 1969 patavini
2445 1878 2802 1968 Gyrnnasii

786 1987 1179 2081 professores
1195 1990 1664 2075 ‚Parmesanus
1701 2014 1740 2059 a
1775 1990 2046 2061 Curtivo
2065 1991 2158 2061 'de
2192 1990 2482 2077 Sanctis,
2505 2007 2572 2061 et
2603 1992 2804 2063 Joan-

786 2124 906 2172 nes
944 2102 1295 2175 Gratianus
1314 2154 1337 2187 ‚
1372 2126 1647 2191 quorum
1708 2103 1966 2194 utrique
2014 2120 2351 2197 perspecta
2397 2123 2537 2175 erat
2601 2108 2800 2178 Jaco-

784 2219 953 2293 hetti
990 2221 1257 2292 solertia
1294 2239 1364 2293 et
1397 2222 1596 2313 plane
1653 2223 1914 2315 cognita
1953 2275 1970 2292 .
2012 2226 2306 2295 Honesta
2341 2224 2636 2317 qualibet
2691 2250 2800 2295 ra-

676 2384 681 2389 ·
786 2339 969 2410 tione
1017 2340 1271 2411 instans
1324 2356 1598 2431 uterque
1643 2341 1878 2412 nititur
1928 2340 2268 2413 dimovere
2315 2341 2656 2412 hominem
2713 2342 2798 2411 de

788 2455 1115 2526 sententia
1134 2507 1153 2530 .
1179 2454 1303 2526 His
1342 2454 1712 2526 auctoribus
1749 2456 2040 2552 tamdem
2077 2456 2318 2541 cessit,
2355 2474 2425 2526 et
2459 2454 2806 2548 magistra-

786 2589 891 2644 tus
943 2575 1195 2668 optime
1240 2574 1323 2646 de
1378 2598 1452 2646 se
1510 2577 1854 2646 sentientis
1910 2573 2160 2666 judicio
2211 2571 2540 2660 acquievit
2560 2624 2577 2639 .

876 2693 1035 2764 Post
1068 2692 1413 2764 biennium
1450 2693 1672 2780 coepit
1707 2691 1962 2780 aperire
2000 2687 2198 2775 adyta
2239 2687 2668 2776 gravissimae
2709 2691 2806 2761 di-

788 2806 1107 2896 sciplinae
1128 2856 1145 2872 .
1191 2806 1412 2891 thue
1458 2803 1599 2869 e'rat
1653 2821 1918 2890 graecae
1967 2799 2229 2888 linguae
2283 2799 2758 2872 scientissimus
2779 2855 2806 2888 ‚

786 2917 1213 2998 Aristotelem
1254 2913 1439 2983 dedit
1474 2933 1734 2982 summa
1772 2912 1900 2982 fide
1931 2928 2000 2980 et
2035 2912 2360 3002 elegantia
2387 2913 2756 3004 expositum
2781 2966 2802 2983 .

788 3031 891 3098 Ex
926 3029 1072 3118 ipso
1118 3023 1301 3114 enim
1327 3075 1349 3110 ,
1390 3039 1732 3115 tamquam
1769 3049 1858 3096 ex
1899 3023 2076 3094 fonte
2101 3078 2123 3112 ,
2180 3025 2404 3115 purius
2461 3025 2806 3096 hauriebat

788 3142 1162 3220 vel.abdita
1198 3139 1533 3234 quaelibet
1569 3141 1714 3236 ejus
1741 3166 1934 3215 sensa
1953 3196 1973 3230 ‚
2011 3157 2080 3212 et
2117 3140 2476 3212 exhibebat
2507 3142 2644 3212 suis
2697 3167 2807 3212 au·

789 3261 1109 3342 ditoribus
1146 3261 1377 3332 eadem
1414 3263 1708 3357 integra,
1741 3263 2116 3350 defaecata,
2141 3263 2424 3332 sincera:
2457 3263 2630 3331 unde
2659 3260 2814 3331 Ari-
2901 3289 2912 3296 ·

787 3373 1009 3446 stoteli
1046 3399 1249 3448 novus
1285 3377 1629 3468 splendor,
1665 3379 1768 3449 illi
1805 3403 2011 3448 novae
2046 3377 2263 3447 laudis
2301 3374 2625 3446 accessio.

880 3495 1054 3569 Hine
1074 3549 1096 3583 ,
1118 3496 1277 3567 licet
1312 3498 1694 3570 cathedram
1745 3523 1829 3570 ex
1866 3499 2169 3568 instituto
2203 3491 2660 3567 conscenderet
2686 3489 2806 3560 ho-

1483 3728 2139 3758 “nummum

876 3892 974 3972 (ι)
1012 3891 1144 3954 Hoc
1180 3905 1371 3954 narrat
1408 3891 1776 3957 Sebastianus
1815 3897 2140 3957 Franzonus
2181 3894 2245 3956 in
2283 3879 2524 3977 epistola
2543 3891 2620 3954 ed
2661 3889 2806 3950 ami-

794 4009 928 4068 m
963 3991 1039 4060 dc
1070 3995 1193 4062 vita
1230 4007 1289 4060 et
1320 3993 1529 4062 studiis
1564 3995 1774 4061 Jacobi
1811 3997 2132 4064 Jacobeui.
