3125 4975
2283 300 2365 377 61

334 470 539 551 gnam
587 474 628 524 a
688 447 987 543 pluribus
1040 438 1388 537 Episcopis
1448 448 1517 515 ef:
1570 432 2070 529 cardinalibus,
2116 444 2276 535 quin
2324 470 2364 515 a

328 570 613 638 nummis
644 566 848 636 etiam
890 562 1333 651 maximisque
1375 560 1804 629 Pontificibus
1845 559 2126 650 gratiam
2164 559 2361 643 iniit,

329 678 741 773 gravissimis
779 678 931 745 ideo
972 676 1357 743 muneribus
1390 656 1624 741 horum
1661 672 1852 765 jussu,
1879 688 1946 741 et
1972 672 2361 740 auctoritate

326 798 737 889 perfunctus,
774 812 847 865 ut
894 810 1149 863 constat
1187 818 1289 893 ex.
1317 791 1720 861 bibliotheca
1759 790 2047 883 Argelati
2089 792 2236 880 (ι),
2271 814 2357 861 ex

325 918 471 1009 ejus
500 917 705 1007 ipsius
726 914 939 1005 elogio
958 967 978 998 ‚
1008 912 1192 1007 cujus
1221 928 1442 980 auctor
1464 910 1875 1001 Hyacinthus
1902 908 2172 979 Gimma
2203 908 2352 1001 (2),

326 1057 413 1103 ex
448 1031 752 1101 Picinelli
796 1030 1135 1099 Athenaeo
1183 1030 1291 1117 (3)
1316 1080 1335 1111 ‚
1374 1027 1485 1115 qui
1524 1050 1752 1095 omnes
1793 1028 1872 1095 de
1913 1027 2028 1097 illo
2066 1017 2311 1095 fusius.

413 1152 558 1222 Nec
594 1176 760 1219 unus
789 1166 1035 1231 rector,
1068 1164 1135 1216 et
1166 1164 1622 1237 praeceptores
1655 1146 1895 1236 singuli
1926 1146 2048 1215 viri
2073 1134 2300 1215 eximii
2323 1192 2346 1215 1

317 1264 637 1334 Abiturus
678 1280 819 1330 erat
846 1286 903 1338 ·a
941 1259 1349 1341 Seminario,
1394 1258 1504 1327 ubi
1567 1259 1798 1348 primis
1838 1258 1972 1327 illis
2028 1252 2344 1349 tempori-

314 1378 446 1446 bus
487 1376 728 1444 studiis
764 1372 1550 1463 praeerat,Nicolsonu8,
1588 1396 1781 1463 quem
1823 1372 2347 1463 archiepiscopa-

317 1505 397 1556 tu
435 1486 868 1557 aberdonensi
908 1502 1053 1575 post
1090 1468 1501 1553 honestatum
1550 1484 1840 1553 diximus
1864 1538 1878 1552 .
1921 1484 2160 1555 Statim
2225 1512 2340 1555 co-

316 1600 533 1691 gitare
580 1600 1025 1681 Gnsscomtm,
1072 1620 1267 1687 quem
1308 1590 1686 1687 subrogaret
1743 1613 1921 1667 tanto
1960 1589 2134 1667 viro.
2195 1602 2336 1667 Hae

312 1718 399 1786 de
436 1742 505 1785 re
542 1716 771 1785 scribit
806 1716 1341 1818 Magliabeechio
1361 1770 1383 1801 ,
1431 1716 1858 1798 celeberrimo
1899 1718 1968 1786 id
2017 1719 2331 1809 temporis

295 1836 631 1921 litterato,
680 1836 939 1927 quicum
982 1837 1332 1906 exercebat
1378 1837 1521 1927 ipse
1562 1854 1857 1906 mutuum
1902 1838 2364 1947 epistolarum¹

295 1954 769 2041 commercium
799 1956 937 2047 (4).
972 1960 1140 2026 Eum
1182 1974 1397 2047 rogat,
1424 1954 1714 2025 ut‘curet
1749 1956 1880 2025 sibi
1924 1957 2130 2027 virum
2153 2013 2170 2043 ,
2212 1960 2324 2051 qui

291 2066 601 2137 abeuntis
640 2070 920 2159 implere
963 2071 1169 2159 possit
1211 2094 1339 2138 non
1381 2071 1592 2139 solum
1630 2070 1846 2139 locum
1873 2124 1888 2154 ,
1921 2072 2092 2160 quod
2145 2076 2318 2143 mul-

292 2198 363 2247 to
402 2179 708 2261 faciliusi,
743 2184 860 2249 secl
897 2183 1097 2251 etiam
1138 2208 1375 2252 nomen
1402 2212 1417 2251 :
1442 2185 1548 2275 qui
1595 2186 1811 2255 valeat
1850 2212 1998 2254 cum
2040 2188 2318 2280 dignita-

303 2309 375 2361 te
414 2316 722 2383 praeesse
762 2295 1209 2383 magistrorum
1256 2299 1508 2384 coetui,
1547 2298 1784 2389 quibus
1821 2286 2145 2371 familiare
2182 2316 2326 2371 erat

982 2501 1638 2540 mumma-mmmm

372 2664 481 2742 (ι)
512 2665 786 2726 Biblioth.
825 2667 1041 2749 Script.
1084 2669 1335 2732 Mediol.

373 2773 471 2848 (2)
510 2773 667 2835 Edit.
704 2775 958 2858 Neapol.
1002 2781 1149 2858 1505
1192 2782 1441 2844 Tom.1
1476 2803 1608 2864 pag.
1656 2781 1751 2862 53.

371 2874 470 2952 (3)
512 2877 829 2957 Pag.106.

367 2977 463 3056 (4)
506 2979 643 3040 Non
682 3002 811 3042 cum
854 3004 969 3042 uno
1010 2983 1193 3046 solum
1237 2929 1734 3067 Magliabecchio‚
1798 3013 1924 3051 cum
1963 2983 2090 3052 aliis
2135 2985 2304 3055 etiam
2401 3067 2406 3072 ,

289 3069 423 3136 viris
460 3079 721 3141 litteratis
784 3087 1089 3148 exercebat
1146 3103 1403 3151 mutuum
1458 3093 1566 3152 hoe
1621 3096 1984 3175 epistolarum
2035 3116 2306 3156 commer-

288 3176 475 3240 cium.
516 3185 637 3242 Hos
679 3183 938 3248 omnibus
983 3189 1467 3270 complectebatur·
1503 3197 1711 3255 officiis
1741 3239 1760 3268 ‚
1787 3197 1862 3254 ad
1895 3218 1955 3256 se
1981 3197 2299 3268 invitabat,

278 3282 598 3362 excipiebat
638 3287 920 3374 hospitio,
964 3293 1237 3368 fovebat,
1282 3299 1498 3375 maguis
1546 3299 1898 3378 principibus
1940 3301 2297 3386 commenda·

280 3387 419 3462 bat,
464 3404 521 3450 et
557 3390 679 3473 ipse
722 3417 754 3454 a
792 3395 1055 3462 litteratis
1096 3397 1357 3464 omuibus
1406 3401 1592 3486 magni
1633 3407 1812 3465 factus
1836 3451 1850 3465 .
1883 3407 1948 3470 Si
1987 3407 2125 3486 quid
2159 3409 2295 3466 novi

276 3494 457 3571 operis
500 3495 803 3576 prodibat,
844 3501 919 3562 ad
957 3525 1085 3565 eum
1126 3507 1485 3582 mittebatur,
1516 3522 1578 3568 ut
1627 3509 1700 3567 ad
1743 3511 2137 3572 Maecenatem
2175 3535 2296 3574 am-

266 3599 619 3679 plissimum.
666 3595 857 3669 Multa
902 3611 1071 3674 etiam
1109 3614 1509 3696 praeferebant
1549 3616 1802 3696 ejusdem
1853 3641 2084 3681 nomen.
2135 3621 2290 3684 Vide

269 3701 435 3763 Orat.
476 3706 700 3768 Sebast.
744 3712 1077 3774 Melchiorii
1118 3717 1179 3778 iu
1222 3719 1417 3780 funere
1461 3719 1525 3780 B.
1569 3721 2082 3782 Gnncom1.vide
2123 3723 2291 3780 etiam

266 3803 455 3869 XXV
477 3811 746 3891 epistolas
793 3815 1051 3895 ejusdem
1080 3821 1241 3880 Beati
1282 3821 1357 3883 ad
1401 3823 1919 3906 Magliabecchium
1945 3824 2006 3882 iu
2041 3825 2100 3884 11
2139 3824 2296 3886 volu·

263 3907 405 3971 mine
443 3913 833 3996 Epistularum
876 3919 1161 3982 clarorum
1204 3937 1391 3990 venet.
