3125 4975
1000 260 1037 309 ο.
1400 292 1415 305 .
1440 292 1463 309 .
1771 270 1784 285 ·
1905 274 1926 303 ι

922 338 1379 411 vin,.zctnn
1419 310 1834 396 retentum
1859 370 1904 403 ·.
2233 348 2370 421 ⁸77

342 474 757 546 alumnorum
796 486 1143 535 nnmemm
1182 466 1317 533 XII
1352 463 1496 532 Cal.
1534 442 2110 570 Novembrisafm.
2147 470 2366 561 1704,

340 606 411 657 et
466 580 819 675 superioris
874 594 1128 647 tantum
1185 574 1656 667 grammaticae
1706 570 1922 647 stadio
1978 576 2312 670 addictum
2343 632 2368 665 ‚

346 728 495 773 cnm
535 704 671 797 jam
712 700 1071 792 septimum
1110 695 1347 769 aetatis
1385 718 1629 765 annum
1669 695 2228 799 suprafiecimum
2275 699 2375 771 in.

346 824 649 894 choasset
669 874 685 889 .
764 819 905 891 Etsi
956 838 1109 886 vero
1163 815 1485 885 litteraria
1538 813 1750 904 ipsius
1775 803 2112 903 insti-tutio
2163 815 2374 887 serius

350 938 613 1029 incepta
633 990 655 1022 ‚
694 932 779 1005 ab
817 932 1057 1011 eodem
1092 946 1314 997 tamen
1353 904 2018 1044 admodumsfeliciter
2037 924 2368 1003 absoluta.

344 1056 532 1128 Juvit
566 1053 747 1123 enim
786 1051 1141 1144 plurimum
1178 1071 1328 1116 cum
1366 1045 1618 1137 ingenii
1653 1046 1977 1138 quaedam
2029 1046 2375 1117 maturitas

348 1187 415 1239 et
450 1168 753 1250 solertia,
794 1180 933 1233 tum
971 1163 1204 1253 ingens
1259 1160 1557 1231 discendi
1598 1156 1827 1247 ardor,
1865 1186 1986 1231 nec
2034 1162 2372 1233 intermin-

351 1308 423 1355 εει
462 1283 830 1353 contentio.
876 1286 1037 1352 Erat
1070 1280 1187 1349 ille
1225 1277 1553 1369 siquidem
1593 1278 1763 1349 bona
1801 1274 1877 1349 ac
1915 1280 2100 1349 firma
2145 1304 2375 1372 corpo-

348 1402 442 1473 ris
480 1400 911 1485 habitudine,
948 1422 1158 1489 neque
1194 1396 1669 1484 incommodis,
1708 1422 1920 1490 neque
1957 1398 2204 1469 morbis
2249 1397 2374 1467 ob:-

348 1513 555 1589 noxia
575 1564 597 1598 ,
624 1528 693 1582 et
728 1511 811 1581 ad
838 1511 1248 1582 sustinendos
1282 1509 1636 1597 litteratius
1669 1511 1925 1583 labores
1944 1515 2210 1609 prorsus
2239 1511 2376 1581 ido-

356 1656 485 1705 nea
504 1685 520 1704 .

448 1747 573 1817 His
610 1742 1009 1838 adjumentis
1054 1744 1393 1835 politiores
1456 1760 1669 1829 artes,
1705 1760 1776 1815 et
1809 1746 2134 1836 graviores
2179 1745 2377 1818 facul-

352 1874 523 1931 tates
576 1855 771 1929 facile
818 1856 1129 1946 arripuit,
1168 1855 1501 1947 magistris
1556 1872 1896 1947 propterea
1933 1859 2228 1929 maxime
2265 1884 2378 1929 ac-

350 1989 617 2066 ceptus,
656 1970 1091 2047 celeberrimo
1128 1990 1289 2063 prae
1332 1968 1572 2041 ceteris
1605 1969 1976 2041 Facciolato
1997 2022 2022 2057 ‚
2057 1970 2144 2043 de
2195 1970 2378 2066 cuius

1038 2198 1700 2228 “mmmmm

356 2338 661 2421 quaginta,
700 2337 906 2419 quibus
948 2336 1131 2399 eidem
1166 2338 1411 2421 praefuit
1436 2382 1449 2397 .
1488 2339 1932 2421 vigilantissimi
1973 2344 2219 2424 pastoris
2255 2350 2382 2427 par-

354 2456 445 2506 tes
484 2442 713 2504 omnino
740 2440 983 2523 implens
1016 2440 1312 2524 pecuniam
1344 2440 1513 2501 etiam
1552 2463 1619 2502 ac
1658 2442 2018 2524 semetipsum
2045 2443 2107 2504 in
2139 2445 2380 2508 salntem

358 2548 551 2610 ovium
604 2542 881 2627 impendit
915 2589 929 2604 .
980 2547 1049 2606 ln
1104 2543 1403 2628 pervigilio
1440 2544 1762 2605 nativitatis
1817 2547 2107 2628 Deiparae
2159 2551 2382 2630 (quod

352 2667 777 2742 praesenserat,
820 2667 878 2714 et
912 2665 1111 2736 optato
1148 2651 1361 2714 accidit
1389 2653 1417 2732 )
1462 2651 1950 2714 anno-’millesimo
1989 2653 2380 2734 septingente-

350 2763 495 2824 simo
522 2762 817 2842 trigesimo
859 2761 1057 2842 quinto
1108 2781 1177 2820 eo
1234 2759 1498 2842 migravit
1519 2803 1537 2834 ,
1595 2779 1706 2842 quo
1741 2759 1895 2822 viam
1935 2759 2046 2824 sibi
2099 2773 2376 2824 straverat

352 2867 585 2931 assidua
618 2867 1019 2932 exercitatione
1054 2869 1281 2930 virtutis
1300 2909 1316 2932 .

435 2974 597 3034 Tum
633 2972 819 3056 patuit
856 2991 1000 3051 qnae
1037 2983 1096 3031 et
1135 2983 1351 3052 quanta
1392 2986 1541 3036 esset
1579 2974 1828 3036 omnium
1867 2971 1940 3034 de
1975 2973 2078 3034 illo
2135 2972 2326 3055 opinio
2360 3017 2378 3037 .

354 3079 495 3142 Non
533 3079 682 3144 enim
721 3079 943 3141 incolae
980 3093 1199 3140 tantum
1236 3079 1396 3139 illius
1432 3053 1760 3162 paroeciae,
1795 3079 1901 3141 sed.
1935 3081 2208 3141 finitimae
2243 3102 2380 3160 quo-

362 3203 472 3260 que
511 3194 703 3260 gentes
745 3196 803 3241 et
839 3179 1164 3243 sacerdotes
1204 3181 1459 3242 conferto
1505 3183 1669 3261 quasi
1711 3183 1931 3263 agmine
1969 3182 2081 3243 visi
2121 3195 2254 3242 sunt
2275 3205 2378 3245 cu-

356 3285 653 3369 pidissime
686 3285 761 3383 acl
793 3287 914 3370 ejus
954 3287 1123 3350 aedes
1162 3287 1506 3351 contendere
1544 3287 1736 3349 studio
1780 3285 2020 3349 videndi
2083 3287 2272 3370 ipsum
2317 3301 2376 3352 et

356 3389 669 3452 irenem&
698 3435 713 3452 .
772 3389 1203 3452 confluentium
1238 3389 1608 3451 multitudine
1666 3389 1929 3472 oppletae
1966 3389 2128 3466 viae,
2157 3393 2377 3461 forum,

272 3571 279 3579 1
356 3491 630 3574 templum
668 3513 735 3553 ac
780 3491 981 3582 templi
1014 3513 1145 3554 area
1185 3492 1572 3578 spectaculum
1604 3492 1778 3576 plane
1815 3511 2026 3554 novum
2063 3507 2119 3553 et
2158 3508 2378 3576 gratum

354 3589 617 3660 omnihus
652 3597 1029 3676 exhibebant,
1064 3599 1185 3662 vim
1228 3599 1599 3682 lacrymarum
1639 3597 1872 3660 eliciens
1910 3618 1982 3659 ex
2019 3600 2200 3660 oculis
2237 3621 2374 3682 prae

356 3703 577 3768 laetitia
598 3748 614 3765 .
652 3704 831 3785 Viget
870 3705 1055 3769 adhue
1083 3706 1236 3794 apud
1274 3707 1407 3767 illos
1444 3705 1686 3790 populos
1724 3705 1882 3767 illius
1918 3707 2184 3767 memoria
2207 3751 2222 3766 .
2255 3707 2374 3766 Ho-

355 3823 484 3871 rum
516 3807 676 3866 testis
716 3805 833 3870 fida
871 3809 1237 3892 dignissimus
1261 3809 1471 3874 Victor
1488 3808 1674 3870 Faber
1698 3809 1796 3887 (a)
1821 3807 1959 3868 olim
1981 3805 2376 3890 philosophiae

420 3955 512 4038 (a)
546 3955 741 4012 Notizie
774 3961 990 4016 stoi-ioh·
1023 3961 1220 4016 intorno
1252 3963 1303 4014 la
1334 3964 1437 4016 vita
1471 3945 1527 4018 «li
1560 3963 1618 4018 S.
1655 3963 1893 4018 Giuliana
1905 4001 1920 4030 ,
1955 3979 2066 4032 pag.
2104 3961 2218 4017 182·

937 4049 1020 4099 12
