3125 4975
1126 594 1447 672 VITA

570 746 1075 945 JACOBt
1146 828 2002 943 FACCIOLAT1

370 1418 754 1567 Narranti
793 1493 961 1565 mihi
1002 1494 1083 1565 de
1120 1493 1414 1585 patavini
1456 1488 1810 1565 Seminarii
1853 1486 2010 1563 viris
2050 1494 2320 1565 illustss·

276 1614 443 1701 bue,
481 1613 667 1685 nefas
712 1616 1077 1706 praeterire
1128 1614 1395 1683 silentio
1447 1612 1772 1683 Jacobum
1832 1608 2322 1701 Facciolatum‚

276 1730 392 1819 qui
430 1732 791 1823 plurimum
827 1728 935 1799 eui
984 1728 1277 1797 nominis
1317 1724 1495 1795 fama
1556 1728 1836 1797 contulit
1875 1727 1958 1797 ad
2015 1726 2312 1821 ejusdem

274 1849 625 1923 seminarii
660 1848 1122 1922 celebritatem
1146 1898 1163 1915 .
1214 1847 1404 1917 Licet
1442 1847 1678 1937 itaque
1728 1864 1794 1915 et
1831 1842 1952 1917 alii
2009 1863 2204 1917 antea
2242 1848 2328 1949 de

272 1970 385 2039 illo
422 1970 805 2062 scripserint
846 1970 991 2061 (ι),
1034 1984 1101 2038 et
1158 1967 1519 2036 novissime
1581 1965 1989 2037 clarissimus
2037 1967 2140 2035 vir
2193 1970 2321 2037 Fa-

272 2087 537 2159 bronius
586 2089 797 2157 vitam
838 2086 1055 2178 ipsius
1094 2078 1424 2171 ediderit3
1465 2100 1672 2176 pauca
1709 2086 2038 2177 quaedam
2095 2104 2164 2157 et
2202 2110 2326 2175 ego

270 2204 528 2287 dicam,
567 2227 651 2271 ne
690 2202 1038 2271 videantur
1074 2216 1447 2271 nostrarum
1498 2222 1718 2271 rerum
1756 2200 2038 2271 studiosi
2085 2202 2304 2293 magis

279 2315 492 2386 exteri
518 2366 538 2398 ,
584 2336 785 2405 quam
822 2334 941 2380 nos
975 2310 1109 2404 ipsi
1137 2363 1153 2381 .

372 2426 658 2498 Jacohus
686 2422 1090 2495 Faeciolatus
1127 2426 1399 2498 ineunte
1436 2448 1611 2494 anno
1639 2423 1928 2496 secundo
1961 2444 2109 2516 post
2149 2448 2328 2507 octo..

280 2546 607 2639 gesimam
646 2544 890 2616 saeculi
931 2543 1137 2618 XVII
1162 2599 1183 2631 ,
1221 2546 1440 2638 pridie
1474 2544 1735 2615 scilieet
1782 2547 2009 2616 Nonas
2074 2550 2327 2622 Janua..

281 2667 413 2736 rias
450 2682 639 2736 natus
688 2683 792 2735 est
824 2664 1212 2752 Tauriliae,'
1270 2690 1418 2734 rure
1485 2690 1618 2735 non
1674 2666 2066 2753 inamoeno,
2121 2666 2326 2740 eolles

276 2781 449 2851 inter
499 2801 822 2873 euganeos
878 2777 1008 2848 sito
1046 2832 1063 2848 .
1136 2779 1431 2850 Liberali
1490 2779 1634 2876 ejus
1685 2779 1909 2850 indole
1963 2797 2195 2871 eaptus
2228 2783 2318 2853 Β.

278 2894 628 2984 Gregorius
676 2892 1080 2965 Barbadious
1145 2917 1227 2962 ea
1282 2907 1677 2984 tempestate
1727 2893 2073 2986 episeopus
2135 2912 2329 2985 pata·
2391 2903 2397 2918 '

284 3013 471 3082 vinus
498 3067 516 3097 ,
552 3013 865 3086 eumdem
905 3012 993 3082 ad
1032 3029 1351 3084 treatense
1390 3019 1503 3110 (2)
1540 3015 1916 3112 Collegium
1953 3017 2141 3086 misit
2177 3015 2354 3110 pri-'

278 3125 405 3194 mis
438 3126 678 3194 litteris
714 3125 1181 3198 erudiendum.

383 3241 866 3312 Duodecimum
928 3261 1083 3314 tuno
1132 3244 1249 3315 ille
1305 3243 1547 3338 agebat
1602 3245 1837 3316 aetatis
1881 3245 2336 3337 anuum,'quo

276 3355 639 3446 completo,
669 3356 753 3426 ab
796 3359 1031 3429 eodem
1068 3358 1265 3430 beato
1300 3363 1439 3431 viro
1474 3361 1547 3430 in
1585 3361 2029 3432 Seminarium
2065 3369 2338 3438 transla-

978 3506 1306 3534 mmffl
1314 3505 1644 3534 mm

368 3612 467 3690 (ι)
509 3609 669 3676 Vide
706 3611 975 3678 Bracker.
1018 3611 1330 3676 Pinacoth.
1372 3613 1425 3675 S
1424 3617 1664 3696 criptor.
1708 3627 1908 3677 nostra
1947 3629 2152 3678 aetate
2210 3621 2316 3680 lit.

278 3722 421 3778 teris
456 3721 772 3778 illustrium
796 3765 815 3793 ,
852 3721 1084 3797 Decacl.
1133 3721 1208 3780 V
1200 3723 1250 3781 Ι.
1290 3721 1508 3783 Christ.
1548 3723 1684 3785 Sax.
1723 3721 1932 3786 Onam.
1992 3722 2162 3786 Tom.
2189 3724 2266 3788 V
2255 3722 2311 3790 Ῑ.

278 3839 421 3904 pag.
454 3822 591 3882 215.
628 3835 687 3882 et
724 3823 950 3884 Amal.
988 3847 1133 3906 pag.
1166 3827 1305 3888 661.

358 3929 467 4007 (2)
508 3925 663 3992 Vide
702 3929 1067 4012 opuseulum
1106 3933 1207 3992 De
1238 3935 1531 4010 singulari
1571 3935 1644 3994 B.
1708 3934 1992 4011 Gregorii
2028 3927 2324 3992 Barbadt·

282 4035 341 4098 d
372 4033 576 4096 studio
604 4045 671 4094 et
702 4054 904 4096 amore
948 4038 1009 4096 in
1050 4035 1445 4094 Seminarium
1479 4038 1826 4116 patavinum
1873 4053 2002 4114 cup.
2052 4036 2146 4102 14.
