3125 4975
932 319 956 364 1
971 297 1015 368 8
1788 309 1959 362 vr‘m

871 427 1036 514 fuit,
1073 426 1192 498 sed
1231 423 1634 496 amatoribus
1672 423 1875 492 etiarn
1916 421 2229 494 omnibus
2263 421 2589 496 bonarum
2630 427 2933 499 artium.

961 545 1156 610 Anno
1193 540 1416 632 itaque
1452 555 1685 608 octavo
1722 537 1967 608 saeculi
2008 538 2363 629 superioris
2392 555 2461 608 et
2492 543 2935 632 octogesimo

873 655 1088 726 edidit
1115 654 1521 723 Psalmorum
1553 650 1797 720 librum
1818 703 1839 736 ,
1866 675 2028 743 quos
2058 650 2133 720 in
2169 651 2403 720 italam
2432 653 2745 746 linguam
2782 681 2937 726 ver·

873 785 1088 854 terat,
1139 765 1418 856 singulis
1473 765 1839 857 praemisso
1898 765 2087 834 titulo
2142 766 2407 836 illorum
2464 771 2795 859 proprie,-
2854 790 2929 844 et

871 887 1124 976 analysi
1145 925 1168 972 ,·
1205 885 1450 958 additis
1488 885 1734 971 etiam,
1778 885 1891 956 ubi
1928 909 2091 976 opus
2146 885 2303 971 fuit,
2362 872 2921 960 annotationibus

873 1003 956 1072 ad
995 1001 1358 1092 pleniorem
1399 1005 1467 1078 et
1503 984 1867 1070 faciliorem
1900 999 2215 1089 ipsorum
2272 1000 2579 1070 notitiam
2602 1051 2623 1070 .
2672 1004 2765 1071 In
2807 1003 2921 1074 his

872 1111 1278 1212 exponendis
1331 1119 1542 1190 soluta
1596 1118 1889 1188 numetis
1944 1119 2237 1188 oratione
2292 1141 2445 1187 usus
2494 1134 2635 1206 est,
2674 1143 2773 1190 ne
2810 1122 2923 1189 in-

871 1231 1184 1326 fringeret
1222 1232 1484 1328 illorum
1526 1233 1661 1302 vim
1688 1286 1709 1318 ‚
1748 1255 1913 1302 neve
1950 1232 2111 1322 quid
2152 1232 2236 1302 de
2274 1231 2627 1328 majestate
2684 1235 2923 1306 detra-

873 1349 1098 1416 heret.-
1137 1337 1666 1440 Elegantioribus
1708 1346 1921 1416 verbis
1962 1345 2315 1436 praetulit,
2356 1369 2523 1437 quae
2562 1369 2713 1418 rem
2754 1350 2925 1420 vivi·-

869 1463 1019 1531 dius
1059 1463 1503 1552 exprimerent
1541 1487 1617 1530 ac
1656 1460 1919 1545 fortius,
1948 1459 2033 1530 ab
2070 1460 2155 1529 iis
2196 1458 2583 1546 abhorrens,
2612 1459 2917 1552 quisunt

875 1580 943 1649 in
1013 1582 1176 1652 stilo
1229 1579 1651 1650 delicatioris
1696 1577 2035 1671 fastidii.
2092 1577 2377 1648 Putabat
2446 1601 2592 1648 esse
2650 1581 2919 1650 scilicet

877 1698 1036 1768 boni
1097 1699 1344 1790 ingenii
1387 1701 1625 1789 (quod
1682 1709 2027 1768 monemur
2084 1697 2169 1766 ab
2227 1697 2601 1791 Augustino
2642 1700 2816 1790 (1))
2852 1701 2923 1768 in

875 1814 1087 1886 verbis
1139 1840 1359 1886 verum
1414 1840 1645 1886 amare
1662 1867 1683 1900 ,
1738 1841 1872 1884 non
1930 1813 2125 1884 verba
2147 1867 2163 1883 .
2226 1815 2401 1886 Hinc
2440 1815 2677 1908 ingens
2714 1818 2911 1907 copia

879 1953 1136 2013 rerum,
1173 1927 1582 2018 imaginum,
1634 1927 2087 2018 exemplorum
2142 1929 2437 2018 suppetit
2490 1928 2913 2019 eloquentiae

883 2065 1106 2112 sacrae
1145 2041 1487 2125 studiosis,
1520 2059 1680 2131 quos
1714 2065 1867 2132 prae
1906 2042 2141 2110 ceteris
2178 2065 2251 2112 se
2288 2041 2359 2110 in
2398 2042 2607 2110 oculis
2646 2027 2909 2112 habuis-

870 2183 982 2244 se,
1021 2182 1173 2226 eum
1219 2159 1392 2228 'haee
1447 2158 1805 2243 scriberet,
1862 2175 2135 2227 testatur
2190 2159 2333 2249 ipse
2380 2159 2451 2226 in
2498 2159 2789 2248 epistola
2830 2161 2907 2232 ad

868 2271 1274 2344 Fridericum
1315 2273 1607 2342 Mariam
1638 2271 2081 2343 Joannellium
2114 2273 2421 2342 venetum
2452 2273 2901 2364 patriarcham

876 2388 1478 2480 spectatissimum,
1515 2391 1701 2487 cujus
1738 2392 2007 2461 nornine
2044 2415 2229 2462 suam
2268 2391 2441 2462 hane
2476 2392 2897 2463 Psalmorum

863 2510 1234 2580 versionem·
1271 2528 1493 2581 ornat.
1534 2510 1983 2601 Quadriennio
2014 2512 2215 2601 post(
2236 2510 2537 2581 ordinem
2574 2512 2764 2580 enim
2806 2534 2901 2581 re-

875 2650 1020 2697 rum
1062 2634 1278 2699 tenere
1320 2630 1534 2713 malo,
1568 2654 1767 2719 quam
1808 2630 2225 2719 temporum)
2266 2630 2498 2699 eodem
2546 2630 2659 2719 pio
2709 2654 2905 2699 sensu

875 2747 1105 2817 ductus
1147 2749 1416 2838 protulit
1453 2747 1615 2817 italo
1654 2761 1953 2817 sermone
1993 2748 2365 2840 expositum
2406 2746 2785 2819 Salomonis
2821 2748 2903 2817 li-

869 2861 1061 2931 brum
1083 2914 1103 2946 ,
1141 2861 1255 2953 qui
1291 2862 1671 2931 inscribitur
1714 2862 2146 2931 Ecclesiastes
2172 2915 2193 2947 ,
2232 2862 2507 2931 cuilibet
2546 2862 2901 2931 hominnm

869 2978 1226 3048 conditioni
1266 2980 1460 3052 walde
1496 2988 1936 3071 opportunum
1964 3033 1979 3049 .
2016 2981 2329 3051 Continet
2364 2980 2541 3049 enim
2582 2968 2697 3049 hie
2734 2982 2905 3052 mul·

873 3116 940 3167 ta
979 3097 1196 3169 civilis
1235 3100 1623 3190 prudentiae
1676 3101 1934 3171 semina
1972 3117 2041 3170 et
2077 3104 2425 3193 praecepta
2480 3097 2777 3169 moribus
2829 3124 2903 3169 ac

875 3214 1052 3287 vitae
1107 3218 1335 3289 utilia.
1386 3222 1562 3292 Usus
1616 3220 1849 3291 eadem
1906 3246 1983 3291 ae
2040 3232 2231 3291 antea
2286 3218 2601 3290 methodo
2656 3242 2905 3288 unum-

878 3333 1181 3425 quodque
1233 3334 1426 3427 hui-us
1487 3352 1684 3427 caput
1741 3334 2057 3426 peculiari
2124 3348 2505 3426 argumento
2564 3332 2893 3417 illustrat,

804 3542 818 3555 ·
863 3450 1296 3543 paraphrasi,
1348 3453 1651 3542 analysi,
1708 3444 2313 3543 observationibus.
2371 3452 2488 3523 Ait
2536 3474 2652 3536 se,
2703 3450 2902 3521 adhi-

860 3565 1031 3639 bitis
1069 3568 1139 3639 in
1175 3572 1520 3645 consilium
1564 3564 2075 3664 sapientissimis
2122 3570 2409 3659 criticis,
2456 3587 2525 3641 et
2570 3566 2899 3643 versioni-

1553 3820 1635 3846 “A
1640 3818 2216 3849 mmmmm„

952 4002 1052 4083 (ι)
1095 4000 1228 4065 Lib.
1270 4020 1326 4064 2.
1368 4000 1442 4065 de
1484 3998 1743 4065 doctrina
1775 3998 2079 4065 christiana
2121 4020 2172 4061 e.
2219 4000 2313 4062 16.
