3125 4975
922 350 1169 403 neom
1208 342 1626 405 racemum-1¹
1791 403 1805 417 ‚
2191 354 2320 427 127

374 473 601 551 Immo
640 472 851 545 etiam
890 471 1145 558 exteri.
1180 496 1339 564 prae
1392 471 1638 542 &ceteris
1696 460 2084 561 Fabricius}
2145 478 2322 549 Val-

284 594 515 679 chius,
552 593 931 671 Gesnerus,
966 580 1393 659 Goldbachus
1414 637 1439 668 ,
1463 574 1954 657 Brencmannus'
1969 626 1992 673 ,-
2029 591 2322 679 Bayerus

282 705 723 775 litteratorum
765 688 1171 775 Germaniae
1207 686 1541 791 principes
1574 750 1591 767 .
1629 700 1880 774 Horum
1921 689 2039 772 alii
2079 696 2144 773 ei
2198 704 2326 773 ob·

284 820 487 889 tulere
525 829 595 889 et
630 818 935 889 dicarunt
968 826 1089 884 sua
1136 812 1245 905 (1)
1272 854 1293 897 ,
1330 814 1445 883 alii
1487 813 1696 903 ipsius
1736 800 2066 886 orationes
2124 817 2358 890 edem.

286 938 401 1007 das
438 938 655 1007 denuo
693 946 1001 1007 curarunt
1040 932 1111 1001 in·
1148 930 1285 1003 suis
1324 931 1703 1022 regionibus
1745 934 1893 1025 (2),
1933 925 2048 1005 alii
2089 960 2168 1011 eo
2215 938 2319 1007 usi

286 1068 431 1121 sunt
470 1064 813 1140 tamquam
848 1062 1117 1115 suarum
1156 1045 1744 1117 controversiarum
1783 1037 2002 1141 judice
2042 1050 2190 1138 (3).

374 1156 515 1239 Hos
554 1168 672 1237 ille
710 1166 811 1235 sui
850 1156 1135 1237 fautores
1176 1150 1449 1248 habuit,
1486 1155 1860 1238 laudatores·
1880 1212 1901 1251 ,
1961 1158 2326 1241 admirato-

289 1306 389 1353 res
407 1337 431 1370 ,
464 1282 749 1366 amicos,
776 1298 937 1371 quos
957 1296 1025 1349 et
1054 1278 1201 1369 ipse
1239 1276 1533 1371 studiose
1564 1269 2046 1373 diligenterque
2081 1284 2284 1354 coluit
2304 1338 2356 1365 .,

284 1398 425 1467 Hos
464 1394 603 1465 sibi
655 1392 1041 1463 devinxerat
1074 1416 1227 1461 non·
1264 1378 1666 1461 adulationis
1721 1394 1982 1483 studio,
2021 1397 2124 1465 cui
2183 1419 2326 1473 erat

292 1513 573 1584 omnino
606 1503 939 1595 infensus,
978 1508 1093 1581 sed
1138 1504 1279 1579 sola
1316 1505 1894 1609 commendatione
1931 1509 2228 1587 virtutis.
2349 1598 2356 1605 ,

384 1628 647 1713 Nemo,
683 1616 797 1717 qui
836 1624 1107 1719 alicujus
1143 1624 1435 1695 nominis
1476 1638 1690 1711 esset,
1723 1612 2068 1713 Patavium
2108 1633 2332 1708 venie.

286 1740 411 1815 bat
448 1768 533 1815 ex
567 1743 837 1817 remotis
874 1742 1231 1835 provinciis
1255 1794 1279 1828 ,
1303 1740 1464 1833 quin
1500 1744 1945 1820 Facciolatum
1982 1772 2140 1839 prae
2173 1752 2354 1821 aliis-

284 1854 595 1935 litteratis
635 1864 796 1935 viris
832 1856 1179 1933 inviseret.
1207 1859 1406 1952 Quod
1442 1863 1513 1931 in
1564 1874 1747 1937 tanta
1773 1891 1999 1938 eorum
2031 1868 2334 1964 frequen-

284 1983 377 2055 tia
414 1972 927 2076 magnum.'Ad
972 2002 1129 2051 eum
1186 1977 1463 2049 adibant
1514 1976 1642 2051 viri
1702 2000 2114 2073 praestantes
2175 2012 2328 2061 cnm

286 2128 521 2200 genere
554 2158 575 2191 ‚
614 2122 755 2173 tum
796 2096 1096 2173 doctrina
1130 2116 1201 2170 et
1236 2095 1602 2193 dignitate3
1643 2101 2003 2197 Episcopi,
2045 2108 2324 2181 Praesu-

292 2222 391 2293 les
418 2274 439 2306 ,
476 2216 869 2290 Cardinales
890 2271 907 2287 .
946 2216 1127 2308 Quin
1166 2215 1299 2308 ipsi
1336 2240 1525 2311 reges
1540 2268 1568 2305 ‚
1629 2220 2006 2315 summique
2058 2224 2332 2295 Pontifi-

286 2356 403 2403 ces
442 2353 599 2401 eum
634 2346 943 2401 ornarunt
974 2376 993 2401 .

394 2444 739 2518 Nimirum
778 2444 941 2514 tanti
978 2442 1473 2522 nominisfama
1510 2464 1846 2540 permotus
1899 2476 2017 2524 rex
2065 2458 2334 2529 Lusita-

295 2561 455 2632 niae
502 2583 653 2632 eum
691 2558 1075 2652 depoposcit
1110 2587 1149 2632 a
1186 2587 1260 2634 se
1298 2562 1594 2634 instituti
1642 2565 1926 2657 collegii
1966 2569 2332 2640 moderato-

294 2700 475 2746 rem.
522 2675 935 2746 Remanendi
974 2675 1239 2748 veniam
1278 2695 1351 2748 ut
1390 2677 1523 2748 sibi
1561 2677 1790 2766 daret,
1831 2699 2016 2776 rogat
2063 2685 2354 2754 Faccio-.

294 2795 507 2880 latus,
560 2811 861 2866 causatus
912 2795 1223 2868 ultimam
1278 2817 1689 2872 senectutem
1723 2853 1740 2872 .
1789 2803 1934 2874 Rex
1969 2801 2217 2886 instat,
2255 2827 2348 2873 ac.

296 2932 447 2980 eum
484 2910 671 3004 jubet
713 2911 954 2982 saltem
1005 2911 1339 3001 scribere,
1390 2939 1559 3008 quae
1599 2917 1840 2988 idonea
1865 2917 2154 2989 ,consilio
2211 2941 2340 3008 pu-

302 3045 395 3100 tet
420 3080 438 3098 .
474 3030 601 3102 Cui
640 3029 803 3102 adeo
842 3028 1025 3102 fuere
1063 3049 1248 3124 grata
1285 3059 1455 3126 quae
1485 3037 1798 3129 scripsit,
1838 3053 1914 3108 ut
1959 3037 2141 3110 idem
2181 3037 2335 3129 plu-

302 3145 621 3228 rimas-ac
657 3143 977 3237 pretiosas
1014 3145 1396 3220 sinensium
1435 3151 1698 3240 patinas
1737 3175 1812 3220 ac
1861 3152 2122 3222 vascula
2143 3203 2166 3236 ,
2225 3175 2338 3225 eas

303 3263 569 3352 quidem
610 3285 919 3351 mensae,
958 3263 1127 3334 haec
1164 3286 1318 3334 vero
1355 3264 1660 3334 delicatis
1709 3262 2084 3352 potionihus
2123 3267 2340 3336 inser-

298 3383 547 3455 vientia
574 3385 747 3456 dono
782 3382 964 3455 mitti
1001 3382 1261 3456 erudito
1298 3383 1439 3454 viro
1475 3381 1741 3474 jusserit
1778 3378 2050 3456 domum
2082 3409 2328 3486 usque.

986 3609 1646 3640 mmmmm...

384 3761 487 3838 (ι)
526 3756 738 3839 Ejusd.
778 3754 1031 3820 Facciol.
1069 3752 1241 3838 epist.
1281 3752 1379 3820 25.
1421 3766 1479 3817 et
1514 3775 1614 3840 71.

382 3867 487 3943 (2)
530 3865 720 3946 Epist.
760 3873 859 3943 44.

384 3969 489 4056 (3)
525 3968 717 4054 Epist.
758 3973 855 4053 73.
