3125 4975
715 384 718 391 ·
788 360 926 433 '2‘30
1558 376 1564 385 ·
1612 376 1654 383 ··
1736 374 1903 428 vrrs

789 516 889 570 ret
916 554 930 567 .
966 488 1222 587 Eruditi
1261 496 1424 583 viri,
1457 496 1540 566 de
1563 496 1802 587 quibus
1840 513 2073 581 antea,
2094 488 2626 565 dissertationem
2652 492 2833 566 hanc,

789 622 858 691 in
899 619 1096 687 breve
1155 615 1486 706 quoddam
1542 615 1849 706 redegere
1904 612 2417 704 compendium,
2452 610 2823 704 iudicantes

791 736 1096 806 eamdem
1137 734 1356 823 aliqua
1413 758 1498 803 ex
1548 750 1734 823 parte
1774 756 1963 823 posse
1999 732 2358 825 majorem,
2397 753 2595 822 quam
2652 732 2822 800 alte·-

791 872 928 918 ram
959 901 981 933 ,
1019 847 1468 917 curiositatem
1507 847 1894 916 incendere.
1935 842 2157 917 Aliam
2197 861 2533 935 praeterea
2560 846 2823 915 doctam

789 980 858 1033 et
927 962 1252 1034 eruditam
1333 963 1863 1053 dissertationem
1928 964 2154 1032 emisit
2214 963 2311 1033 sic
2380 963 2765 1054 inscriptam
2804 990 2821 1031 z

785 1112 828 1148 n
873 1080 1078 1173 Sopra
1115 1083 1138 1150 i
1183 1082 1455 1153 torrenti
1479 1114 1518 1148 n
1552 1111 1573 1169 ς
1612 1082 1686 1150 in
1724 1105 1851 1173 qua
1892 1083 1973 1151 de
2014 1084 2303 1173 ipsorum
2343 1098 2575 1152 natura
2612 1082 2825 1152 disse·-

787 1216 940 1265 rens
977 1212 1048 1265 et
1081 1196 1372 1287 origine,
1411 1199 1621 1267 multa
1660 1198 1744 1266 de
1781 1220 2097 1287 aquarum
2140 1220 2327 1267 cursu
2366 1197 2596 1292 adjicit
2652 1197 2818 1266 scitu

787 1308 1027 1400 digna.
1069 1314 1190 1379 Est
1223 1309 1388 1379 haec
1425 1310 1496 1379 in
1545 1310 1755 1396 libro,
1792 1309 1904 1400 qui
1944 1312 2042 1378 sic
2098 1310 2519 1381 inscribitur:
2557 1338 2595 1377 v
2646 1314 2819 1382 Rac-

789 1452 832 1489 n
877 1426 1048 1494 colta
1085 1424 1154 1494 di
1195 1424 1404 1495 autori
1430 1476 1452 1509 ,
1487 1423 1613 1493 che
1652 1440 1933 1493 trattano
1972 1424 2125 1495 dell'
2156 1447 2365 1513 acque
2398 1454 2436 1489 η
2468 1474 2485 1493 .

877 1544 1002 1612 His
1033 1544 1127 1613 ita
1155 1544 1568 1629 constitutis,
1606 1542 1900 1613 veritatis
1932 1543 2341 1637 detegendae
2372 1540 2825 1615 studiosus-ad

783 1642 1653 1749 inquirendum-aggreditur
1673 1708 1693 1740 ‚
1716 1656 1873 1745 quid
1904 1654 2033 1723 sibi
2060 1655 2433 1725 adscribere
2466 1678 2649 1724 casus
2678 1680 2833 1746 pos-

777 1774 902 1858 sit,
927 1776 998 1842 in
1027 1790 1122 1842 tot
1157 1774 1583 1842 scientiarum
1621 1774 1989 1863 artiumque
2026 1772 2352 1841 inventis.
2394 1761 2491 1839 Ac
2526 1774 2825 1861 primurn

777 1885 1070 1975 quaerit,
1108 1908 1276 1973 quae
1303 1884 1493 1973 'origo
1531 1900 1597 1953 et
1634 1883 1893 1953 indoles
1942 1908 2129 1953 casus
2168 1884 2288 1971 sit}
2314 1906 2482 1974 quae
2522 1906 2825 1954 necessa-

787 2000 886 2065 rio
919 1996 1448 2086 requirantur,ut
1485 1995 1619 2064 dici
1664 1997 1913 2085 possit,
1952 1998 2203 2089 aliquid
2242 2022 2398 2068 casu
2442 1999 2629 2085 θεῆς
2662 2001 2826 2088 quid

781 2134 972 2181 casus
1005 2134 1158 2179 cum
1197 2126 1334 2179 arte
1371 2110 1589 2180 valeat
1626 2108 1927 2187 efficere.
1952 2114 2109 2181 Post
2144 2114 2232 2183 ad
2270 2112 2595 2183 humanae
2638 2138 2814 2183 men-

781 2228 870 2296 tis
919 2228 1218 2296 notiones
1247 2228 1587 2318 ideasque
1644 2228 2029 2317 descendit3
2064 2252 2237 2320 quae
2270 2252 2422 2299 cum
2462 2232 2595 2301 sint
2648 2232 2817 2301 inter

783 2363 858 2409 se
895 2340 1253 2431 plurimum
1287 2344 1607 2411 varietate
1666 2342 2026 2413 dissimiles
2055 2392 2079 2427 ,
2110 2366 2383 2415 numero
2422 2346 2611 2435 quasi
2664 2348 2813 2416 inst·

781 2454 963 2524 nitas
987 2507 1010 2542 ‚
1047 2478 1256 2527 nexae
1293 2456 1492 2528 simul
1531 2471 1600 2524 et
1638 2455 2059 2547 implicatae,
2096 2474 2165 2528 et
2220 2457 2577 2528 reserantur
2631 2458 2815 2530 insu-

788 2589 909 2658 per
945 2567 1030 2638 ad
1071 2570 1396 2660 plurima,
1431 2570 1871 2660 intelligentia
1919 2573 2387 2662 comprehendi
2444 2591 2813 2665 nequeunt..

789 2686 968 2760 Hine
1001 2690 1226 2778 patefit
1263 2689 1440 2758 casui
1484 2689 1702 2757 aditus
1740 2706 1811 2758 et
1848 2688 2186 2760 fortunae,

877 2807 985 2876 Ad
1019 2821 1390 2876 extremum
1425 2829 1583 2876 cum
1633 2807 1719 2876 iis
1772 2809 2223 2898 congreditur,
2262 2810 2374 2904 qui
2440 2813 2612 2884 hanc
2666 2817 2815 2908 pul-

785 2920 1184 2992 cherrimam
1223 2919 1454 2988 mundi
1493 2921 1746 2988 molem
1765 2919 2029 2992 fortuito
2068 2927 2249 2994 easui
2272 2979 2294 3011 ,
2330 2950 2529 2996 caeco
2562 2929 2812 3000 scilieet

781 3037 1155 3134 principio,
1203 3036 1520 3131 affingunt
1557 3068 1581 3128 3
1640 3057 1706 3110 et
1760 3041 1883 3111 hoc
1938 3067 2093 3132 prae
2131 3044 2365 3116 ceteris
2424 3069 2802 3137 argumento

779 3154 1066 3246 dissipat
1099 3155 1520 3228 delirantium
1582 3159 1885 3228 somnia..
1938 3161 2177 3230 Probat
2214 3163 2526 3233 nimirum
2582 3183 2805 3236 casum

784 3297 998 3366 neque
1037 3279 1390 3366 materiae,
1443 3300 1655 3369 neque
1714 3296 1969 3365 motus,
2008 3305 2217 3371 neque
2257 3281 2516 3372 legum,
2571 3285 2815 3378 quihus·

787 3392 1034 3484 regitur
1067 3397 1248 3467 idem
1290 3414 1500 3466 motus
1523 3451 1541 3482 ‚
1572 3421 1782 3489 neque
1822 3398 2103 3469 inertiae
2136 3417 2464 3470 auctorem
2502 3403 2638 3476 ullo
2678 3430 2827 3474 mo·-

755 3507 876 3580 -do
929 3529 1352 3600 esseposse.
1401 3511 1669 3603 Ubique
1722 3513 2105 3604 ingeniosae
2160 3512 2521 3605 imagines,
2558 3515 2814 3608 ubique

788 3650 950 3718 opes
987 3627 1414 3719 depromptae
1451 3654 1492 3701 a
1527 3632 1867 3722 physicis,
1888 3633 2407 3724 metaphysicis,
2436 3635 2809 3708 mathema-

797 3741 948 3812 ticis
986 3741 1358 3834 disciplinis
1391 3745 1497 3837 (1)
1517 3795 1540 3816 .

1447 3885 2141 3918 ,ΜἪΟἈΜὮ

865 3964 964 4046 (ι)
1001 3987 1040 4030 2
1083 3969 1264 4032 'riuti
1308 3967 1496 4051 questi
1553 3969 1771 4033 sistenti
1832 3971 2181 4058 immginati
2232 3993 2337 4056 per
2391 3973 2713 4040 concedere
2760 3977 2821 4042 εἶ
