3125 4975
829 360 928 449 86

1535 606 1943 690 CAPUT
2004 602 2132 690 xi.-

967 850 1438 950 Typographia
1473 849 1562 921 ab
1602 843 1741 943 ipso
1780 850 1853 921 in
1890 851 2265 925 Seminario
2302 844 2685 929 instituifflt‘
2698 896 2721 930 .·

1551 966 1770 1059 Hujus
1802 964 2061 1049 fructus
2076 1016 2095 1035 .

916 1238 1102 1395 De
1133 1324 1242 1397 his
1279 1322 1440 1393 satis
1466 1374 1482 1391 .
1521 1319 1629 1391 Ad
1666 1319 1797 1389 alla
1834 1328 2007 1389 mm'c
2029 1373 2047 1404 ‚
2084 1320 2141 1389 si
2180 1322 2399 1412 placet
2430 1358 2448 1393 .-
2486 1327 2683 1399 Annd
2717 1331 2853 1402 ita-

815 1469 949 1538 quo
1015 1444 1202 1518 1680.
1279 1436 1783 1531 typographiam
1836 1440 2286 1511 Bannsmcus
2340 1442 2413 1511 in
2478 1444 2851 1519 seminario

823 1542 1128 1627 fundavit
1181 1552 1664 1643 amplissimam
1693 1590 1719 1635 ,-
1750 1548 1821 1617 in
1882 1572 2029 1619 eam
2086 1550 2485 1643 profundens
2518 1562 2850 1653 octoginta

759 1668 766 1677 ’
825 1697 1168 1747 aureorum
1207 1672 1417 1741 millia
1455 1672 1602 1761 (1).
1633 1668 2091 1739 Munificentia
2117 1724 2140 1757 ,
2170 1696 2339 1764 quae
2374 1678 2851 1766 propemodum

827 1794 999 1863 ultra
1021 1790 1253 1860 fidem!
1284 1789 1506 1859 Etiam
1525 1786 1612 1857 ob
1635 1787 1705 1857 id
1736 1787 1915 1857 locus
1944 1787 2053 1859 hie
2090 1789 2161 1859 in
2188 1810 2489 1882 magnam
2512 1795 2855 1865 celebritaa

829 1927 967 1980 tem
997 1924 1265 2000 repente
1303 1908 1554 1976 evasit.
1576 1905 1787 1977 Nulla
1834 1922 1989 1977 tunc
2026 1924 2165 1977 erat
2206 1907 2277 1976 in
2314 1908 2421 1976 his
2442 1911 2859 2000 regionibns,-

692 2100 699 2107 .
825 2027 934 2099 cui
981 2028 1146 2098 haee
1190 2024 1567 2112 invideret,
1612 2026 2043 2117 typographia
2073 2078 2093 2111 ‚
2150 2025 2399 2117 quippe
2454 2038 2624 2118 quae
2674 2033 2850 2101 nulli

826 2142 1208 2215 Italicarum
1229 2137 1514 2210 secunda
1550 2139 1661 2230 (2)
1694 2190 1713 2207 .
1738 2139 2211 2209 Pluribus‘vero
2230 2138 2373 2229 ipsa
2398 2156 2539 2209 erat
2566 2142 2859 2213 admira-z

827 2254 996 2325 tioni
1023 2306 1040 2323 .
1071 2257 1346 2326 Exteros
1382 2274 1643 2345 quoque
1682 2252 1973 2321 nominis
2012 2250 2189 2323 fama
2220 2250 2611 2343 impleverat
2638 2308 2654 2324 .
2680 2258 2857 2327 Fere

828 2392 1026 2439 nemo
1057 2392 1144 2437 ex
1181 2366 1432 2437 dissitis
1471 2365 1831 2456 provinciis
1869 2365 1939 2435 in
1977 2367 2245 2437 Italiam
2284 2368 2595 2457 vernens,-
2632 2387 2701 2441 et
2732 2374 2855 2442 Pa·-

828 2487 1007 2556 mvio
1045 2487 1366 2558 transiens
1430 2484 1661 2556 abibat
1686 2539 1707 2572 ,
1768 2484 1929 2576 quin
1987 2499 2137 2556 eam
2176 2488 2490 2560 inviseret
2522 2544 2537 2559 .
2590 2491 2809 2562 Nemo
2830 2535 2859 2578 9

827 2603 946 2674 ubi
981 2629 1133 2676 earn
1169 2606 1478 2692 vidisset,
1511 2629 1641 2675 non
1680 2583 2086 2675 afficiebatur
2120 2605 2477 2698 plurimum
2518 2610 2698 2679 illius
2738 2611 2855 2681 ad·-

826 2738 1056 2813 apectu
1079 2774 1101 2807 ,
1139 2737 1214 2790 ut
1247 2720 1492 2810 egregii
1551 2719 1773 2811 operis
1818 2734 1887 2788 et
1922 2719 2347 2810 pulcherrimi
2382 2775 2397 2790 .
2438 2725 2629 2793 Hane
2672 2725 2855 2796 invi·-

829 2861 973 2907 sere
1009 2861 1166 2927 prae
1203 2839 1439 2906 ceteris
1477 2833 1909 2908 eruditissimi
1950 2839 2073 2908 viri
2120 2837 2248 2912 duo
2277 2895 2297 2927 ,
2341 2843 2630 2913 Joannes
2686 2847 2853 2917 Ma·-

828 2945 1145 3018 billonius
1171 2999 1192 3032 ,
1215 2966 1283 3018 et
1299 2950 1667 3022 Bernardus
1704 2951 2269 3042 Montsauconius‚
2290 2967 2571 3050 eamque
2586 2961 2854 3051 scriptis

827 3064 965 3135 uuis
985 3063 1400 3138 celebrarunt
1423 3121 1445 3155 ‚
1469 3087 1883 3140 recensentes
1902 3073 2119 3164 ipsam
2138 3075 2312 3144 inter
2336 3078 2688 3170 praecipua
2716 3081 2859 3149 Ita-

825 3180 962 3252 liae
1001 3201 1382 3255 ornamenta
1419 3189 1532 3279 (ὅ)
1555 3242 1573 3258 .

917 3299 1016 3368 Ea
1053 3319 1430 3390 graecorum
1469 3320 1537 3373 et
1570 3303 1925 3376 latinorum
1956 3307 2173 3378 omnis
2210 3309 2469 3400 generis
2507 3309 2845 3382 characte-

1504 3461 2165 3500 §mundanum

819 3685 874 3750 Β
907 3581 1006 3666 (ι)
1043 3587 1268 3652 Sebast.
1321 3591 1627 3657 Melchior.
1684 3598 1749 3659 in
1796 3597 1985 3662 Acad.
2038 3599 2237 3662 habita
2292 3601 2358 3664 in
2408 3603 2603 3664 funere
2644 3598 2840 3682 ejusd.

877 3700 988 3748 eau
1024 3709 1083 3770 p.
1124 3711 1222 3752 αι.

907 3793 1007 3871 (a)
1049 3797 1185 3857 Act.
1227 3797 1431 3862 Boaris.
1474 3797 1556 3863 Τ.
1598 3803 1706 3871 Π.
1748 3807 2027 3874 Stmmar.
2062 3831 2197 3896 pag.
2232 3831 2373 3894 2³9·

905 3895 1008 3974 (3)
1051 3896 1360 3962 Mahillon.
1397 3904 1597 3967 Musei
1636 3907 1768 3971 1121.
1802 3911 1935 3974 Par.
1976 3915 2024 3977 1.
2062 3935 2197 3999 pag.
2240 3913 2383 3981 205.
2418 3926 2479 3978 et
2512 3908 2847 3980 Moutfaue.

815 3999 992 4086 Dim
1031 4003 1162 4070 hal.
1199 4027 1330 4092 pag.
1370 4030 1468 4100 79.
