3125 4975
719 359 855 410 200
1604 360 1772 412 vr‘m

719 483 873 551 ‘dice
913 478 1259 564 instruxit,
1297 483 1364 550 et
1401 466 1842 568 pulcherrima
1900 479 2136 552 iisdem
2180 483 2537 574 praemissa
2594 483 2739 577 epi·

719 604 886 670 stola
925 599 1214 670 ornavit.
1255 597 1466 666 Riccii
1505 621 1657 666 vero
1710 599 2023 689 lugiensis
2060 624 2259 692 opera
2311 602 2739 694 locupletavit

719 708 1394 789 animadversionibus
1412 762 1434 795 ,
1463 711 1771 800 synopsi,
1796 714 2195 804 argumentis
2230 739 2304 784 ac
2342 717 2609 807 gemino
2639 717 2743 786 in·

714 831 862 898 dice
899 826 1399 918 copiosissimo,
1449 827 1534 896 ad
1584 827 1900 921 majorem
1949 855 2175 899 eorum
2222 832 2732 924 intelligentiam

707 931 774 1014 et
830 944 1267 1014 studiosorum
1321 943 1683 1014 utilitatem
1715 991 1733 1012 ⁴
1794 946 2085 1016 Plurima
2144 970 2401 1040 quoque
2451 951 2731 1020 contulit

709 1055 782 1124 in
837 1055 1198 1125 editionem
1232 1055 1562 1140 Hesiodi,
1622 1057 1874 1148 Orphei
1932 1077 2001 1128 et
2037 1061 2296 1145 Procli,
2331 1084 2505 1129 anno
2557 1061 2729 1152 1747

703 1168 1057 1241 Seminarii
1093 1167 1387 1260 patavini
1429 1169 1611 1258 typis
1656 1169 2513 1261 confecta111(1).Callebat
2549 1159 2729 1242 enim

698 1287 952 1378 optime
989 1307 1290 1376 graecam
1327 1284 1623 1374 linguam
1650 1337 1667 1367 ‚
1710 1301 1809 1370 et,
1846 1285 1955 1352 ubi
1998 1284 2250 1356 ferebat
2284 1280 2543 1356 occasio
2565 1341 2585 1372 ‚
2624 1289 2724 1356 lo·-

699 1405 1020 1498 quebatur
1055 1423 1322 1494 graece.
1361 1401 1492 1472 Sed
1533 1401 1759 1472 omnia
1800 1403 2078 1474 dicendo
2126 1405 2426 1498 persequi
2466 1403 2719 1474 diffieil-

700 1523 940 1592 limum
964 1577 978 1590 .
1019 1521 1170 1591 Fuit
1223 1519 1402 1590 enim
1459 1519 1619 1604 ille,
1679 1523 1983 1611 quamvis
2021 1523 2284 1616 ingenio
2336 1539 2670 1616 praestans
2698 1577 2720 1609 ‚

699 1637 1000 1708 laborum
1041 1636 1601 1728 patientissimus,
1640 1637 1866 1722 quales
1904 1638 2288 1731 plerumque
2328 1663 2461 1708 non
2508 1640 2721 1710 solent

697 1779 848 1826 esse
879 1753 1239 1845 ingeniosi.

787 1871 1004 1959 Atque
1059 1867 1170 1937 hic
1223 1884 1440 1936 tantus
1501 1861 1641 1953 vir,
1696 1863 1878 1962 cujus
1938 1861 2276 1962 ingenium
2325 1865 2719 1963 perspicax,

697 1980 972 2048 scientia
1013 1979 1260 2048 eximia
1281 2031 1302 2065 ,
1337 1979 1773 2068 humanarum
1810 2005 2025 2052 rerum
2045 2035 2068 2069 ,
2090 1999 2169 2051 ut:
2197 1983 2557 2082 plurimum
2582 2038 2600 2070 ,
2628 1986 2723 2053 vi..

695 2097 974 2168 debatur
1029 2097 1290 2187 ignarus
1337 2145 1354 2166 .
1415 2097 1890 2190 Loquitabatur
1944 2125 2092 2170 cum
2136 2101 2355 2190 pueris
2404 2101 2665 2192 publice
2696 2155 2719 2186 ,

695 2213 1109 2282 cum‘infima
1147 2213 1232 2283 de
1293 2214 1490 2304 plebe
1545 2213 1927 2292 hominibus
1970 2269 1989 2286 .
2046 2218 2266 2287 Homo
2303 2216 2589 2309 simplex
2649 2213 2721 2286 et

695 2327 892 2420 plane
937 2327 1276 2420 antiquus.
1317 2329 1647 2400 Plurimus
1694 2352 1849 2398 vero
1886 2353 2103 2402 sermo
2150 2329 2231 2399 de
2282 2329 2513 2416 rebus,
2549 2352 2717 2420 quae

695 2446 936 2537 deponi
975 2448 1043 2517 in
1081 2472 1234 2518 aure
1271 2447 1569 2541 qualibet
1598 2453 1738 2519 tuto
1776 2465 2087 2540 possunt.
2112 2450 2298 2538 Quae
2332 2449 2599 2538 quidem
2640 2471 2719 2517 eo

691 2558 1072 2633 absurdiora
1111 2561 1527 2646 videbuntur,
1557 2584 1686 2651 quo
1716 2560 1925 2651 magis
1964 2558 2050 2627 ab
2088 2558 2227 2651 ejus
2260 2574 2528 2627 externa
2562 2583 2717 2649 spe-

696 2680 798 2749 cie
839 2680 1312 2751 abhorrebant..
1724 2744 1731 2751 .

786 2800 943 2863 Erat
975 2795 1089 2863 ille
1125 2793 1451 2881 siquidem
1493 2805 1747 2861 statura
1785 2790 2123 2875 eminens,
2160 2782 2367 2858 forma
2415 2786 2718 2884 majesta„-

696 2912 780 2977 tis
821 2914 1010 2999 plena
1033 2960 1051 2991 ‚
1091 2924 1156 2973 et
1182 2959 1201 2991 ,
1237 2924 1326 2993 ut.
1348 2910 1442 2977 ita
1481 2908 1748 2994 dicam,
1786 2906 2253 2998 imperatoria3
2290 2908 2513 2979 nescio
2556 2910 2719 3000 quid

691 3020 1103 3110 antiquitatis
1137 3019 1378 3089 vestitu
1415 3018 1719 3089 redolens
1744 3049 1767 3108 3
1808 3020 2015 3091 oculis
2034 3072 2057 3105 ‚
2092 3044 2247 3105 ore,
2287 3020 2471 3090 vultu
2506 3021 2589 3092 ad
2618 3022 2718 3091 di-

690 3134 1008 3229 gnitatem
1049 3133 1447 3225 compositus
1475 3178 1500 3219 ,
1531 3150 1607 3201 ut
1632 3133 1781 3223 ipso
1810 3134 2125 3225 adspectu
2162 3133 2374 3203 cuivis
2416 3132 2719 3227 injiceret

689 3254 1172 3325 observantiam
1227 3254 1369 3338 sui„
1417 3270 1484 3323 et
1531 3252 1821 3321 nominis
1867 3252 2316 3325 celebritatem
2358 3266 2709 3342 aequaret.

686 3372 766 3441 In
823 3370 1129 3442 familiari
1187 3390 1486 3441 sermone
1541 3368 1887 3441 facundiae
1926 3392 2155 3460 parurn
2192 3420 2213 3455 ,
2262 3367 2333 3437 in
2380 3366 2707 3437 vertendis

688 3485 888 3557 sacris
915 3484 1264 3575 scripturis
1305 3480 1526 3553 xiiida
1563 3482 1793 3568 verba,
1825 3498 1893 3552 et
1922 3482 2189 3551 omnino
2226 3477 2663 3571 exprimentia
2685 3527 2702 3544 .

781 3596 912 3667 Sua
947 3597 1322 3665 conditione
1361 3611 1705 3668 contentus
1754 3594 1961 3665 vixit.
1996 3594 2102 3665 Ab
2141 3592 2508 3687 illustribus
2544 3591 2709 3659 Aca-

686 3714 929 3786 deuxiis
985 3716 1206 3807 magni
1259 3712 1510 3800 factus,
1566 3713 1977 3807 sapientibus
2031 3712 2191 3795 viris
2246 3728 2478 3796 notus,
2535 3707 2705 3779 inter

1368 3884 2035 3915 mmmmm-..mm

763 3966 863 4049 (1)
921 3968 1168 4035 Novelle
1225 3964 1379 4029 della
1434 3964 1633 4050 repub.
1680 3964 1971 4030 lateraria
2022 3984 2157 4025 ann.
2203 3966 2350 4045 ¹7⁴7
2392 3978 2521 4044 pag.
2557 3980 2701 4053 au.
