3125 4975
740 338 874 396 100
1699 328 1868 388 vna

728 455 1383 551 archipresbyter-alis
1422 453 1742 525 ecclesiae
1779 454 2162 547 collegiatae
2183 506 2209 542 ,
2243 482 2416 550 quae
2455 462 2525 533 in
2567 460 2763 539 Mon..

725 576 1018 645 tesilice.
1076 572 1225 640 Fuit
1282 570 1461 638 idem
1502 570 1748 665 pietate
1784 569 2103 660 insignis:
2143 568 2232 638 ob
2269 572 2444 645 hane
2481 577 2550 647 in
2591 582 2755 651 deli-

728 689 852 757 ciis
893 686 1157 755 habitus
1196 708 1233 752 a
1279 686 1352 753 B.
1394 682 1711 773 Gregorio
1747 682 2345 768 Barbadico‚unde
2383 710 2530 760 eam
2581 694 2759 764 didi-

728 816 943 869 cerat.
988 801 1225 887 Neque
1266 794 1479 889 majus
1534 796 1718 863 illius
1763 794 2113 885 probitatis
2152 806 2612 889 argumentum
2653 808 2757 876 ul-

722 915 865 987 lum
906 915 1126 986 afferri
1166 932 1383 1007 potest
1408 968 1427 999 ‚
1470 938 1683 1004 neque
1739 914 2025 1003 pulcrius
2054 966 2071 985 .
2135 916 2428 988 Haberet
2475 922 2628 991 hinc
2684 924 2756 994 in

720 1053 849 1121 quo
888 1054 960 1098 se
998 1030 1274 1123 jactaret
1313 1050 1391 1096 ac
1432 1026 1866 1116 triumpharet
1903 1028 2107 1096 oratio
2133 1076 2152 1097 .
2183 1027 2264 1097 Id
2297 1029 2534 1103 leviter
2571 1034 2752 1103 indi-

716 1172 900 1223 casse
949 1148 1112 1216 satis
1172 1145 1399 1216 habet·
1428 1144 1753 1233 historia,
1789 1146 2085 1239 simplici
2119 1168 2337 1217 rerum
2379 1152 2749 1224 narratione

722 1285 1072 1339 contenta.

810 1384 1285 1457 Delectabatur
1320 1384 1594 1456 Canalis
1630 1381 1956 1477 frequenti
1995 1406 2322 1454 sacrarum
2376 1384 2742 1477 Scriptura

715 1526 863 1575 rum
903 1506 1185 1575 lectione
1252 1520 1320 1573 et
1374 1528 1649 1594 operum
1699 1502 1814 1575 SS.
1877 1506 2270 1597 Patrumtae
2309 1505 2742 1583 recentiorum

720 1624 929 1695 etiam
969 1641 1343 1695 sanctorum
1379 1623 1724 1694 hominum
1745 1674 1768 1708 ,
1805 1622 1872 1693 S.
1911 1622 2253 1707 Teresiae‚
2301 1624 2554 1715 Aloysii
2587 1630 2750 1698 Gra.

718 1758 955 1827 natae,
996 1736 1066 1807 S.
1104 1736 1439 1809 Francisci
1475 1733 1713 1807 Salesii
1742 1786 1759 1805 .
1824 1738 2006 1805 Haec
2058 1734 2172 1803 ille
2207 1735 2468 1827 legebat
2519 1738 2741 1809 nativa

715 1852 947 1944 lingua
986 1850 1355 1940 conscripta
1378 1900 1392 1916 .
1421 1845 1716 1937 Legebat
1753 1848 1958 1916 etiam
1997 1872 2194 1937 saepe
2229 1866 2594 1917 sanctorum
2632 1850 2750 1921 hoa

722 1970 983 2039 minum
1024 1968 1231 2052 vitas,
1270 1990 1355 2035 ex
1390 1966 1629 2057 quibus
1669 1964 1862 2036 facile
1901 1968 2166 2035 omnino
2201 1965 2545 2035 hauriebat
2580 1966 2740 2035 soli-

724 2086 849 2155 dae
904 2085 1163 2154 virtutis
1222 2084 1421 2154 decus
1478 2108 1553 2155 ae
1609 2084 1942 2178 religionis
1966 2139 1985 2170 ,
2025 2108 2096 2155 se
2133 2100 2336 2153 toturn
2377 2083 2461 2155 ad
2518 2106 2742 2153 eorum

720 2198 1029 2287 exempla
1087 2197 1474 2273 instituens.
1534 2199 1722 2286 Quae
1779 2200 2068 2295 enimin
2105 2198 2210 2267 his
2261 2197 2562 2289 legebat,
2609 2220 2741 2265 non

724 2310 1054 2384 referebat
1104 2312 1187 2381 ad
1224 2314 1493 2383 inanem
1534 2310 2004 2398 eruditionem,
2059 2312 2174 2381 sed
2217 2310 2487 2403 putabat
2533 2311 2748 2403 legem

716 2430 927 2505 vitae.
968 2432 1144 2502 Hinc
1181 2431 1351 2503 illud
1386 2430 1739 2528 cujuslibet
1775 2432 2034 2503 virtutis
2076 2432 2366 2502 studium
2393 2484 2414 2516 ‚
2451 2452 2749 2520 praeser-

716 2549 841 2622 tim
887 2575 1035 2622 vero
1080 2552 1485 2638 modestiae,
1524 2577 1694 2644 quae
1731 2551 1802 2620 in
1839 2550 1957 2620 illo
1995 2573 2254 2638 prorsus
2294 2548 2576 2621 eminuit
2601 2599 2618 2618 .

808 2666 1195 2735 Franciscus
1238 2665 1570 2746 doctrina,
1627 2684 1795 2752 quae
1851 2661 1921 2728 in
1980 2659 2398 2750 paucissimis
2437 2679 2576 2747 est,
2629 2683 2750 2730 ex-

714 2779 959 2848 (zellens
984 2829 1005 2860 ,
1046 2801 1197 2844 cum
1238 2774 1654 2864 paucissimis
1695 2771 1973 2860 gloriam
2013 2771 2312 2846 dividens
2341 2826 2362 2859 ,
2411 2776 2572 2844 viris
2625 2775 2742 2850 lit-

716 2890 945 2957 teratis
982 2889 1279 2978 cognitus
1309 2935 1328 2968 ,
1368 2910 1408 2953 a
1446 2884 1606 2952 viris
1647 2884 1956 2952 litteratis
1995 2903 2256 2958 ornatus
2279 2939 2300 2972 ‚
2357 2888 2555 2957 celari
2597 2889 2740 2974 stu-

724 3003 837 3072 det
874 3019 941 3070 et
978 3001 1261 3094 ignorari
1283 3053 1299 3069 .
1332 3005 1410 3073 In
1450 3002 1838 3074 monialium
1869 3003 2386 3076 confessionibus
2411 3005 2744 3098 excipien-

722 3119 864 3203 dis,
904 3121 975 3188 in
1012 3121 1095 3192 iis
1144 3121 1443 3212 regendis
1484 3139 1553 3194 et
1589 3121 2010 3196 instituendis
2051 3137 2454 3216 postremum
2517 3125 2746 3200 transi.

718 3239 819 3331 ‘git
855 3263 1009 3308 suae
1049 3238 1222 3310 vitae
1260 3257 1519 3332 tempus
1543 3294 1562 3312 .

726 3343 735 3362 ¹
810 3359 983 3430 Eum
1022 3359 1289 3430 interim
1328 3382 1672 3431 nervorum
1712 3361 1979 3461 morbus
2018 3365 2390 3458 aggreditur
2423 3387 2573 3434 cum
2607 3363 2740 3434 sin-

1396 3537 1940 3568 mmmm
1957 3539 2059 3568 m

720 3670 727 3679 ·
794 3633 1034 3696 Electus
1070 3633 1318 3698 tamdem
1356 3636 1451 3698 bie
1472 3683 1491 3711 ‚
1528 3653 1598 3699 ut
1635 3639 1879 3700 diximus
1901 3685 1920 3713 ‚
1955 3641 2027 3701 in·
2053 3640 2387 3702 canonicum
2423 3615 2740 3720 archipres-

722 3735 999 3816 liyteralis
1054 3739 1355 3812 ecclesiae,
1408 3761 1551 3817 quae
1588 3739 1650 3799 iu
1687 3741 2056 3802 Montesilice
2070 3787 2089 3816 ‚
2127 3763 2189 3802 se
2227 3740 2515 3802 abdicavit
2551 3759 2746 3800 sacer«

724 3831 885 3898 (lotio
906 3879 927 3909 ‚
966 3857 1078 3916 quo
1114 3837 1201 3902 iu.
1228 3836 1539 3903 cathedrali
1594 3836 1733 3899 aede
1773 3842 2041 3923 patavina
2079 3843 2290 3923 potitus
2347 3840 2560 3904 fuerat.
2617 3836 2741 3910 Ubi

724 3953 783 4003 et
822 3940 1050 4024 quando
1088 3941 1295 4006 obierit
1314 3989 1335 4024 ,
1372 3942 1514 4009 mihi
1549 3943 1808 4020 nondum
1843 3959 2192 4032 compertum
2227 3957 2316 4007 ’est
2335 3982 2358 4010 ι
