3125 4975
827 436 998 547 bilis
1034 471 1180 564 ipse
1217 480 1604 559 appareret,
1640 484 1791 531 cum
1828 454 1901 539 in
1952 456 2077 527 hoe
2114 444 2349 529 fuisset
2384 466 2609 532 revera
2656 465 2863 539 mira-a

821 590 988 661 {bilis
1017 639 1034 655 .
1089 587 1466 673 Tantopere
1520 576 1769 647 amavit
1809 572 2121 643 'alumnos
2166 574 2301 644 loci
2338 574 2534 671 hujus
2564 579 2867 655 Gumo-

819 705 1031 783 mus!
1696 776 1701 781 .

919 818 1208 893 Eosdem
1243 814 1384 886 suis
1419 812 1625 882 etiam
1664 808 2167 901 consanguineis
2201 826 2275 878 et
2310 806 2620 881 affinibus
2670 832 2865 885 ante-

818 936 1084 1029 ·posuit.
1128 936 1196 1003 Is
1224 930 1560 1001 enimvero
1599 924 1725 994 fuit
1776 948 2043 994 suorum
2096 925 2624 996 aniantissimus:
2666 953 2859 999 num-

831 1076 1037 1147 quam
1093 1058 1315 1121 tatnen
1357 1070 1589 1117 eorum
1627 1043 1897 1115 divitias
1944 1066 2183 1135 augere
2228 1045 2481 1116 studuit
2520 1050 2861 1121 Ecclesiae

833 1171 1030 1243 honis
1053 1224 1070 1241 .
1107 1170 1291 1265 Quin
1327 1168 1399 1237 in
1433 1188 1677 1257 egenos
1710 1161 2185 1233 liberalitatem
2222 1164 2518 1235 exercuit
2551 1190 2685 1235 non
2724 1170 2867 1241 sine

833 1290 1058 1382 aliquo
1104 1306 1414 1382 paternae
1463 1287 1695 1355 domus
1730 1282 2108 1373 impendio.
2143 1286 2222 1352 In
2258 1284 2594 1355 nerninem
2641 1286 2863 1361 minus

829 1410 1102 1502 largiter
1135 1432 1210 1479 se
1255 1432 1329 1477 se
1353 1402 1653 1490 habuit,
1702 1424 1903 1493 quam
1940 1401 2013 1470 in
2050 1402 2449 1495 propinquos
2470 1456 2487 1473 .
2524 1404 2689 1475 Suos
2742 1432 2863 1477 ex-

834 1527 1056 1622 cipere
1107 1540 1568 1611 consueverat‚
1601 1536 1681 1593 ut
1731 1519 2029 1609 alienos3
2066 1523 2358 1610 alienos,
2392 1540 2468 1593 ut
2500 1548 2690 1595 suos.
2740 1528 2863 1597 Hi-

817 1640 1070 1711 ·bernos
1089 1696 1111 1728 ‚
1139 1641 1368 1714 Gallos
1388 1692 1411 1725 ‚
1437 1638 1789 1709 Britannos
1816 1634 1889 1703 in
1918 1635 2364 1707 Seminarium
2396 1657 2707 1729 exceptos
2740 1642 2863 1710 ale-

829 1758 950 1829 bat
981 1782 1132 1827 cum
1161 1755 1312 1825 aliis
1349 1751 1656 1846 plurimis
1690 1776 1844 1822 aere
1878 1777 1999 1823 suo
2025 1806 2043 1822 .
2084 1755 2178 1823 At
2213 1754 2393 1824 idem
2422 1780 2553 1825 non
2592 1756 2723 1827 nisi
2758 1782 2862 1848 pa-

837 1873 961 1943 tris
998 1872 1278 1963 pecunia
1314 1870 1567 1943 ibidem
1608 1868 1699 1939 ali
1737 1869 1944 1938 voluit
1978 1868 2195 1939 fratris
2234 1870 2403 1939 filios
2428 1924 2444 1940 .
2478 1874 2617 1942 Hos
2650 1898 2862 1967 neque

841 1988 1270 2059 contubernio
1307 1984 1571 2079 excepit
1602 2010 1892 2079 unquam
1912 2037 1933 2073 ,
1978 2010 2187 2077 neque
2222 1988 2523 2057 convictu
2563 1991 2711 2079 (1).

928 2104 1084 2175 Non
1125 2102 1431 2195 exiguam
1469 2102 1633 2171 olim
1669 2102 2126 2173 sanctissimae
2155 2104 2390 2173 Crucis
2436 2122 2693 2196 partem
2741 2109 2874 2177 do-

813 2238 924 2293 ‘no
960 2221 1230 2293 dederat
1265 2226 1674 2294 Bima-Amce
1710 2222 1847 2293 dux
1882 2242 2155 2314 magnus
2182 2220 2527 2293 Hetruriae
2556 2221 2870 2297 Cosirnus

813 2340 958 2411 ‘hoo
1005 2340 1270 2409 nomine
1322 2342 1424 2409 III
1439 2392 1460 2425 ,
1509 2336 1957 2429 pulcherrima
2014 2352 2089 2405 et
2129 2336 2610 2427 pretiosissima
2674 2338 2864 2412 theca

825 2452 1193 2527 inclusam.
1237 2456 1426 2526 Hanc
1465 2450 1827 2524 Barbadica
1866 2474 2025 2543 gens
2056 2442 2475 2544 expostulare
2510 2454 2734 2545 eoepit
2764 2478 2863 2524 vo·

815 2575 925 2646 ·tis
962 2577 1268 2648 omnibus
1309 2601 1349 2646 a
1381 2577 1803 2649 Gnmonro.
1840 2571 1975 2642 Sed
2013 2568 2246 2641 frustra
2272 2623 2291 2640 .
2332 2573 2630 2643 ‘mecam
2669 2598 2865 2644 unam

809 2689 1057 2763 :eidem
1097 2689 1409 2774 tradidit,
1447 2691 1635 2758 mille
1672 2687 1759 2756 ab
1794 2711 1875 2756 ea
1914 2682 2261 2777 persolutis
2298 2688 2629 2778 argenteis
2678 2713 2861 2758 num-

827 2805 964 2872 mis
986 2857 1003 2873 .
1039 2804 1274 2872 Crucis
1303 2824 1458 2870 vero
1494 2816 1753 2891 partem
1788 2823 1939 2870 cum
1978 2799 2189 2892 pretio
2203 2799 2395 2870 zdono
2434 2800 2619 2872 dedit
2649 2799 2861 2872 Semi·

819 2915 1061 3000 mario,
1081 2933 1355 2986 testatus
1385 2914 1707 2986 dedecere
1746 2917 1852 2987 vel
1890 2907 2217 3004 maxiiue,
2256 2917 2511 3010 insigne
2528 2917 2691 2988 illud
2720 2917 2869 2989 neli-

811 3029 1050 3122 .gionis
1111 3047 1609 3102 monumentum
1653 3032 1835 3102 cultu
1872 3031 2139 3124 publico
2176 3049 2243 3102 et
2297 3030 2707 3102 veneratione
2746 3055 2864 3102 ca-

835 3169 980 3216 rere
1013 3146 1158 3238 (2).
1197 3146 1609 3239 singularem
1634 3149 1803 3220 hanc
1824 3149 2327 3220 beneficentiam
2344 3203 2367 3236 ,
2396 3173 2522 3242 qua
2548 3148 2667 3218 ille
2694 3172 2867 3218 sem-

833 3287 995 3358 per,
1035 3265 1189 3336 dum
1229 3266 1512 3356 viveret,
1551 3270 1857 3362 prosequi
1894 3269 2151 3339 solebat
2184 3267 2666 3354 Seminarium,
2714 3293 2859 3338 mo-

835 3377 1014 3451 riens
1059 3381 1404 3474 praecipue
1459 3383 1783 3456 ostendit.
1839 3383 2179 3474 'Supremis
2248 3382 2491 3453 tabulis
2541 3407 2671 3452 non
2730 3381 2857 3451 ali-

831 3521 1034 3590 quem
1073 3523 1111 3569 e
1145 3523 1263 3572 sua
1295 3519 1520 3594 gente,
1548 3505 1671 3577 sed
1704 3503 2147 3578 Seminarium
2184 3503 2567 3607 patavinum
2602 3496 2735 3568 sihi
2762 3497 2867 3568 in-

1517 3710 2183 3741 mmmm

917 3848 1026 3927 (ι)
1059 3849 1323 3914 Ricehin.
1359 3853 1426 3916 in
1460 3850 1650 3935 ejusd.
1690 3855 1813 3916 vita
1846 3853 1889 3915 l.
1924 3875 1991 3917 2.
2027 3875 2087 3915 o.
2126 3855 2188 3916 8.

919 3953 1025 4041 ’(2)
1059 3955 1200 4022 Act.
1247 3958 1455 4036 Bmit.
1505 3962 1595 4028 Τ.
1643 3956 1758 4034 Ν.
1804 3961 2088 4026 Sum.
2120 3977 2267 4044 *pag-
2304 3953 2409 4023 500·
