3125 4975
975 338 1271 393 somnus
1317 340 1667 393 mmm-nr
2189 324 2324 414 343

307 460 563 545 dicam,
619 482 694 527 ac
751 456 1100 550 multiplex
1149 484 1312 549 opus
1367 462 1695 529 reddidit.
1746 464 2117 555 Antequam
2168 490 2321 535 vero

307 579 422 647 ille
478 597 843 668 capesseret
899 580 1069 647 hunc
1117 580 1450 663 laborem,
1507 579 1827 648 Venetias
1874 604 1945 650 se
2000 584 2323 670 contulit,

304 695 456 765 iude
499 700 836 766 Patavium
885 698 1080 768 rediit
1119 699 1410 789 pluribus
1449 699 1894 768 monumentis
1930 699 2321 775 instructus·

305 814 711 905 Quingentas
743 816 997 885 scilicet
1029 816 1212 885 illinc
1243 840 1465 886 secum
1499 818 1835 886 transtulit
1858 818 1885 907 ζ
1906 834 1975 884 ut
1997 818 2089 888 ait
2128 819 2321 911 ipse)

304 928 724 998 membranas
773 952 1004 998 omnes
1056 930 1442 1019 antiquioris
1483 930 1675 1013 aevi,
1710 932 2321 1018 notam'undecimi

307 1067 384 1111 ac
423 1046 793 1117 duodecimi
835 1047 1078 1117 saeculi
1117 1030 1587 1138 praeferentes,
1626 1050 1969 1142 plerasque
2027 1068 2325 1144 sumptas

307 1161 390 1232 de
427 1148 562 1235 suis
624 1166 1080 1258 autographis.
1145 1168 1282 1234 Has
1339 1166 1452 1235 ille
1507 1166 1857 1255 diligenter
1894 1170 2329 1258 perpenderat

307 1294 376 1348 et
413 1282 848 1370 exscripserat
887 1284 1128 1375 partim
1177 1306 1260 1353 ex
1303 1282 1663 1366 tabulariO,
1697 1284 1868 1372 quod
1903 1287 1974 1351 in
2014 1288 2329 1356 coenobio

305 1395 374 1467 S.
417 1396 685 1485 Georgii
741 1396 1020 1488 Maioris
1046 1448 1066 1480 ,
1123 1397 1364 1485 partim
1427 1420 1508 1464 ex
1547 1396 1958 1465 Castellano.
2000 1398 2173 1467 unde
2216 1402 2327 1468 in-

307 1510 627 1577 crementi
667 1507 1023 1598 plurimum
1063 1502 1567 1601 antiquitatibus
1609 1510 1933 1599 patavinis
1960 1562 1977 1579 .

400 1624 506 1692 De
547 1622 680 1690 vita
717 1646 973 1714 quoque
1013 1624 1242 1695 beatae
1291 1626 1603 1695 Beatricis
1643 1626 1953 1716 scripsit(
1966 1627 2031 1715 ι)
2068 1614 2331 1717 rogatus

308 1760 348 1805 a
385 1736 451 1807 S.
491 1738 776 1828 Sophiae
815 1737 1264 1820 Monialibus,
1322 1761 1490 1826 quae
1529 1738 1755 1807 debito
1796 1740 2129 1829 religionis
2186 1726 2331 1808 cul-⁸

309 1868 380 1925 tu
431 1842 802 1927 servabant·
827 1857 1121 1948 ejusdem
1179 1880 1450 1945 corpus.
1509 1861 1677 1927 Eam
1718 1873 1938 1925 tamen
1976 1882 2093 1926 suo
2148 1882 2331 1927 more

308 1972 610 2062 scripsit,
651 1972 984 2063 siquidem
1028 1971 1271 2040 multus
1327 1986 1426 2039 est
1467 1970 1534 2040 in
1576 1970 1661 2039 iis
1704 1968 2107 2056 referendis,
2162 1996 2333 2064 quae

311 2094 391 2160 ad
472 2090 978 2185 illustrationem
1059 2090 1390 2181 pertinent
1451 2089 1715 2159 illorum
1780 2104 2190 2176 temporum,
2250 2114 2335 2159 ac
2404 2078 2411 2089 ’

309 2208 520 2298 gentis
562 2206 752 2299 huius
791 2206 1078 2275 eximiae
1115 2206 1418 2296 Virginis
1441 2260 1459 2278 .
1495 2208 1667 2275 [linc
1692 2202 1871 2275 enim
1902 2206 2033 2275 fore
2072 2209 2333 2295 putavit

309 2326 339 2416 (
377 2322 933 2414 quemadmodum
973 2322 1116 2411 ipse
1157 2321 1490 2413 affirmat)
1529 2338 1601 2389 ut
1636 2322 1955 2394 illustrior
1991 2343 2335 2415 appareret

311 2437 455 2532 ejus
489 2436 801 2506 virtutum
843 2434 1188 2525 splendor.
1614 2424 1619 2429 ’

400 2549 618 2621 Editis
659 2565 754 2622 tot
793 2549 1028 2631 libris,
1063 2571 1179 2639 per
1217 2571 1329 2620 ora
1365 2547 1714 2617 hominum
1753 2547 2027 2614 volitare
2080 2551 2333 2618 Bruna-

310 2672 438 2742 tius
466 2723 482 2746 .
518 2673 603 2741 Et
639 2669 908 2760 quidem
947 2667 1184 2738 merito
1207 2718 1222 2737 .
1281 2667 1450 2736 Acer
1487 2667 1603 2734 ille
1638 2665 2068 2753 investigator
2104 2689 2181 2735 ac
2238 2665 2341 2734 di-

309 2789 520 2881 ligens
583 2805 876 2860 veterum
939 2786 1446 2870 memoriarum,
1505 2809 1635 2853 non
1692 2783 2139 2878 praejudicata
2198 2783 2337 2872 opi-

312 2907 510 2974 nione
548 2903 842 2988 ducitur,
877 2925 1006 2972 non
1045 2901 1297 2974 extima
1351 2899 1575 2992 specie
1612 2896 1903 2982 fallitur,
1942 2920 2073 2966 non
2128 2895 2349 2964 studio

316 3023 464 3092 aliis
504 3019 807 3110 placendi
848 3019 1174 3108 allicitur3
1211 3019 1329 3092 sed
1365 3043 1482 3089 suo
1537 3018 1825 3108 pondere
1880 3035 2175 3107 quaeque
2226 3035 2349 3082 ex-

318 3133 608 3224 pendens
650 3159 685 3202 a
727 3132 910 3202 falsis
963 3155 1118 3201 vera
1179 3132 1506 3215 secernit,
1544 3155 1583 3199 a
1638 3129 1941 3222 genuinis
1994 3129 2341 3198 submovet

315 3243 658 3327 subdititia
679 3272 698 3330 3
738 3244 934 3312 certis
971 3243 1238 3314 indiciis
1275 3242 1498 3314 omnia
1535 3239 2013 3333 deprehendit,
2045 3241 2345 3334 illudque

318 3354 640 3458 judicium
679 3353 997 3454 praefert,
1035 3355 1210 3451 quod
1247 3357 1317 3426 in
1356 3354 1585 3446 paucis
1612 3405 1629 3423 .

997 3519 1658 3552 mmmmmmwbm

397 3633 497 3710 (ι)
536 3633 634 3694 De
671 3629 780 3692 hac
815 3629 935 3692 vita
969 3629 1050 3690 ita
1092 3626 1326 3690 Lamius
1349 3673 1368 3703 ,
1396 3627 1643 3688 Novello
1678 3625 1867 3688 letter.
1906 3616 2099 3690 Temo
2136 3629 2341 3694 XXX

313 3756 445 3825 pag.
495 3736 629 3798 238.
675 3755 808 3794 aun.
860 3735 1026 3814 1769.
1069 3733 1272 3815 Opem
1314 3743 1645 3792 oet-amente
1702 3731 1871 3791 dona
1889 3776 1909 3806 ,
1948 3753 1982 3792 ο
2032 3735 2341 3793 massica-ia

317 3858 353 3893 e
387 3839 566 3911 piena
607 3837 674 3896 da·
703 3837 854 3896 buon
887 3839 1123 3897 ‹tr-iterio
1147 3879 1165 3901 .
1205 3833 1362 3904 Vide
1399 3833 1579 3934 etiam,
1609 3835 1785 3898 Tom.
1814 3835 1913 3898 lx
1952 3834 2169 3900 Annal.
2194 3885 2199 3889 .
2224 3835 2341 3898 Ga-

321 3933 497 4000 mald.
539 3957 670 4020 pag.
712 3943 807 4017 42.
