3125 4975
995 383 1284 438 ,roseum
1312 383 1579 438 ‘roALnr
2156 371 2297 470 599

225 527 462 604 quam
501 501 676 596 quod
715 500 991 572 exhibet
1033 501 1221 593 quasi
1275 500 1611 592 epitomen
1646 501 1876 576 eximii
1926 503 2143 598 operis
2172 505 2293 578 de·-

209 623 438 706 Luc3
475 617 661 688 brevi
705 632 1048 706 praeterea
1089 618 1319 700 docet,
1359 640 1490 706 qua
1527 615 1779 686 ratione
1830 621 1993 692 haec
2044 622 2293 690 instru-

229 754 483 807 menta
521 735 746 828 perfici
789 732 1111 818 debeant,
1139 749 1213 802 ut
1249 735 1501 826 optime
1537 735 1902 805 inserviant
1938 739 2115 807 usui.
2146 737 2293 810 Etsi

187 867 196 876 '
233 867 482 920 autem
520 845 769 940 Joseph
813 845 1108 915 maxime
1147 845 1552 937 suspiciebat
1588 845 1801 916 virum
1834 847 2323 918 doctissimum·

238 965 593 1047 cle-Luc,
651 962 868 1052 ipsum
942 975 1190 1028 tamen·
1223 983 1358 1026 non·
1415 960 1633 1050 potuit
1678 963 1749 1032 in
1814 986 1892 1032 eo
1941 985 2291 1048 excusare,

239 1082 438 1172 quod
493 1083 984 1170 impugnasset,
1021 1101 1190 1168 quae
1226 1077 1601 1158 Leibnitius
1648 1081 2057 1171 experientia
2096 1083 2291 1151 nixus

243 1185 620 1265 tradiderat
673 1195 762 1264 de
813 1192 1185 1260 barometro
1225 1217 1242 1258 :
1301 1194 1695 1262 mercurium
1753 1177 2007 1266 scilicet
2050 1195 2121 1265 in
2168 1196 2289 1266 illo

243 1314 589 1384 inclusum
628 1311 1026 1381 descendere
1065 1310 1288 1399 pluvio
1329 1327 1660 1401 tempore..
1702 1315 1921 1403 Quare
1962 1294 2143 1384 hunc
2173 1313 2284 1384 de-

247 1427 664 1503 fendendum
705 1425 991 1518 suscepit
1027 1423 1488 1493 dissertatione
1510 1475 1531 1510 ,
1572 1449 1741 1518 quae
1780 1449 1951 1496 anno
1996 1429 2171 1522 1774
2213 1427 2287 1498 in

249 1543 724 1635 ephemeridas
763 1541 1168 1612 mutinenses
1207 1542 1449 1612 relata.

351 1665 460 1730 De
498 1661 830 1730 societatis
863 1659 1036 1728 hono
1073 1676 1142 1728 et
1179 1660 1632 1731 incolumitate
1663 1660 1983 1731 sollicitus
2010 1661 2283 1734 niodum

251 1801 386 1848 non
428 1781 636 1850 semel
676 1781 900 1849 docuit
935 1779 1200 1848 arcendi
1231 1778 1508 1852 fulmina
1546 1781 1631 1850 ab
1671 1781 2021 1870 aedificiis3
2056 1781 2283 1868 diluit,

247 1915 426 1985 quae
463 1893 530 1962 in
569 1892 994 1962 conductores
1050 1893 1420 1963 metallicos
1478 1893 1874 1980 afferuntur,
1912 1911 1981 1964 et
2026 1919 2286 1966 accura-

250 2029 396 2083 tam
435 2010 710 2081 exhibet
747 2009 1258 2106 descriptionem
1316 2010 1539 2096 illius,
1578 2013 1693 2102 qui
1742 2011 1993 2101 positus
2032 2013 2117 2082 ad
2160 2035 2284 2102 pa-

249 2131 520 2198 tavinae
556 2127 862 2220 speculae
905 2125 1352 2197 defensionem
1376 2155 1397 2216 3
1437 2117 1665 2232 addita
1709 2129 2087 2208 Francklini
2134 2128 2286 2218 epi-

251 2241 464 2324 stola·,
489 2240 600 2329 qui
635 2239 886 2329 primus
923 2239 1296 2328 sineclade
1329 2241 1579 2342 eripuit
1615 2241 1798 2311 caelo
1838 2234 2282 2314 fulmensVa·

255 2357 360 2426 ria
421 2371 754 2446 praeterea
808 2349 1000 2448 hujus
1063 2357 1322 2448 generis
1385 2357 1697 2447 opuscula
1758 2358 1921 2427 italo
1980 2364 2284 2432 sermone

254 2476 564 2566 scripsit,
597 2500 762 2567 quae
815 2477 882 2545 in
921 2502 1142 2547 ‘unum
1197 2477 1383 2568 quasi
1437 2497 1671 2567 corpus
1718 2477 1995 2545 collecta
2043 2496 2275 2568 postea

260 2590 570 2659 Veneti‘is
607 2591 854 2661 edidit.
892 2590 1058 2661 Eam
1095 2592 1336 2661 iterum
1375 2588 1554 2661 fuere
1592 2614 1747 2659 cusa
1786 2589 2024 2681 gallica
2061 2607 2130 2660 et
2165 2593 2275 2663 hi-

254 2728 458 2797 spana
499 2709 716 2799 lingua
739 2756 758 2779 .

350 2827 680 2897 Disseruit
735 2826 938 2896 etiam
975 2823 1064 2896 de
1097 2836 1287 2896 aestu
1323 2824 1537 2897 maris
1572 2818 1934 2913 adriatici,
1982 2846 2279 2919 quaeque

257 2944 604 3030 disseruit,
639 2943 882 3013 obtulit
922 2943 1086 3035 grati
1126 2943 1332 3014 animi
1373 2969 1526 3039 ergo
1564 2944 1989 3015 scientiarum
2038 2944 2279 3015 acade-

259 3064 430 3135 miae
466 3063 876 3147 londinensi,
915 3063 986 3131 in
1025 3086 1224 3154 quam
1262 3088 1340 3133 eo
1379 3088 1550 3134 anno
1599 3062 1963 3152 descriptus
1996 3062 2230 3133 ‘fuerat
2254 3116 2275 3135 .

196 3218 204 3226 ·
259 3182 504 3252 Eadem
545 3182 806 3273 vulgata
839 3180 1105 3251 invenio
1129 3180 1197 3248 in
1223 3162 1775 3251 transactionibus
1802 3170 2281 3271 philosophicis

265 3318 428 3363 anno
471 3321 496 3363 ι
652 3347 669 3363 .

338 3296 648 3499 Λίἰῳῖζῑθ
655 3430 860 3477 annos
899 3423 1050 3500 post
1085 3407 1380 3499 praemio
1430 3403 1763 3497 proposito
1810 3402 1897 3474 ab
1944 3402 2277 3477 electorali

261 3528 677 3596 scientiarum
717 3528 1086 3613 academia,
1119 3552 1286 3620 quae
1327 3528 1510 3597 floret
1549 3523 1924 3597 Manheimi
1946 3577 1966 3610 ,
1994 3524 2279 3605 excitatas

263 3640 680 3731 physicorum
719 3640 1043 3713 industria
1078 3633 1206 3711 fuit
1243 3643 1327 3712 ad
1366 3638 1817 3711 inventionem
1858 3636 2277 3709 accuratissi-

267 3760 354 3827 mi
409 3760 852 3851 hygrometri,
901 3760 971 3829 in
1032 3786 1160 3851 quo
1217 3749 1411 3853 (utor
1463 3758 1757 3854 ejusdem
1808 3754 2077 3842 verbis)
2114 3752 2275 3845 affixa

263 3879 402 3937 ctus
451 3868 693 3944 caloris
747 3884 828 3963 et·
851 3884 1038 3945 certa
1073 3884 1142 3943 et
1163 3873 1374 3965 facili
1411 3870 1647 3966 regula
1685 3866 1990 3942 subtrahi
2031 3864 2275 3957 possit,

251 3970 438 4083 cujus
463 3992 756 4085 pretium
791 4018 923 4067 non
959 3994 1054 4067 sit
1091 3991 1519 4067 inunodicum
1541 4046 1556 4065 .
1616 3982 1979 4067 utilissimi
2016 3980 2271 4057 inventi
