3125 4975
1027 355 1328 407 soszmu.
1350 355 1616 406 Toum
2174 338 2291 440 :Isto
2300 336 2338 394 1'
2366 421 2371 426 ‚

307 486 502 571 Quae
555 481 824 572 quidem
875 483 1137 573 regula,
1177 498 1248 550 ut
1298 483 1442 572 ipse
1499 479 1823 566 affirmat,
1864 480 2069 572 plana
2118 499 2221 552 est
2266 499 2334 551 et

309 601 398 668 ad
435 598 696 668 rudium
735 597 1240 686 etiam,captum
1281 595 1775 664 accommodata
1797 646 1814 679 ,
1847 595 1961 664 sed
1988 596 2193 688 .vulgo
2222 620 2334 666 ne-

303 713 520 803 glecta
555 711 644 782 ob
681 709 1098 782 difficultates
1118 711 1396 802 ,quibus
1433 709 1757 778 obnoxius
1790 708 2087 799 ejusdem
2128 732 2280 778 usus
2302 761 2319 778 .

303 828 614 896 Occurrit
651 826 756 894 his
795 826 862 894 in
903 825 1182 916 epistola
1219 826 1304 895 ad
1345 825 1543 896 Nevil
1570 823 2005 913 Maschelyne
2044 840 2331 894 astrono-

295 964 494 1012 mum
534 939 789 1028 regium
828 939 1392 1030 gronovicensem,
1431 936 1685 1012 socium
1741 935 2141 1026 amplissimi
2185 937 2323 1006 lon-

305 1058 682 1148 gitudinum
713 1058 974 1151 collegii
1015 1055 1410 1140 britannici,
1467 1055 1641 1126 unde
1694 1053 1942 1124 eximia
1989 1051 2335 1150 volumina.

305 1177 481 1246 dono
521 1176 817 1268 accepit,
855 1195 924 1246 et
960 1175 1176 1245 laudis
1217 1175 1572 1265 plurimum
1598 1225 1613 1242 .
2320 1259 2327 1268 Ι

406 1295 464 1363 Α
503 1311 732 1362 natura
768 1292 1062 1362 Toaldus
1101 1291 1366 1360 sortitus
1405 1287 1617 1359 fuerat
1662 1290 1998 1382 ingenium
2035 1291 2327 1362 maxime

303 1409 392 1476 ad
429 1407 591 1475 haec
616 1406 835 1476 studia
873 1429 1301 1495 propensum:
1325 1405 1545 1474 attulit
1578 1404 1721 1494 ipse
1760 1405 2173 1496 diligentiam
2218 1432 2329 1496 pa-

295 1543 491 1592 ποια.
549 1522 764 1588 Homo
817 1518 1141 1590 exercitus
1195 1519 1478 1595 lectione
1540 1520 1795 1602 multa,
1854 1522 1958 1590 oui
2022 1519 2329 1611 pleraque

303 1635 528 1704 omnia
571 1635 1184 1705 mathematicorum
1223 1647 1422 1723 opera
1461 1634 1801 1723 quaesita,
1844 1651 2159 1719 tractata,
2198 1658 2331 1706 me·

303 1749 552 1832 ditata,
603 1751 863 1839 cognita
894 1800 912 1818 .
971 1747 1348 1818 Nocturnae
1405 1747 1696 1816 siderum
1752 1745 2241 1820 observationes
2288 1773 2327 1818 a

293 1864 644 1952 patavinae
681 1861 986 1952 speculae
1026 1843 1316 1940 exordiis
1355 1860 1665 1946 habitae,
1720 1879 1789 1931 et
1826 1865 1911 1932 ad
1952 1865 2167 1954 plures
2208 1889 2322 1936 an-

293 2005 416 2050 nos
455 1983 838 2074 productae,
879 1982 1308 2052 antelucanae
1363 1980 1671 2072 vigiliae,
1708 1997 1936 2052 mutua
1992 2007 2140 2054 cum
2204 1983 2323 2052 do.

297 2101 424 2169 ctis
465 2099 622 2168 viris
677 2097 1046 2168 litterarum
1099 2092 1356 2180 officia,
1399 2095 1699 2179 tabulae,
1748 2095 2023 2180 calculi,
2075 2096 2325 2166 subdu,

297 2214 586 2294 ctiones,
627 2213 1120 2301 supputationes
1161 2235 1314 2281 eum
1348 2210 1538 2284 valde
1587 2209 1945 2284 sollicitum
1988 2209 2315 2282 habuere.

303 2336 409 2407 Ex
445 2330 552 2402 his
589 2328 896 2402 omnibus
935 2329 1212 2418 insignis
1251 2330 1507 2398 exstitit
1545 2329 1825 2398 eruditio
1849 2381 1865 2400 .

391 2442 606 2537 Hujus
661 2440 1034 2534 prodendae
1088 2456 1520 2532 opportunam
1566 2443 1627 2510 ei
1668 2445 2076 2515 occasionem
2124 2470 2319 2543 prae-

296 2562 446 2638 buit
477 2560 850 2635 Cardinalis
889 2559 1452 2631 eminentissimus
1491 2560 1863 2651 Stephanus
1902 2563 2167 2653 norgia,
2210 2531 2321 2633 do.

290 2678 624 2749 ctissimus
663 2702 740 2747 ac
777 2674 1292 2766 benignissimus
1335 2673 1677 2764 princeps,
1715 2690 1905 2744 natus
1954 2675 2039 2743 ad
2076 2671 2314 2767 pro‘pa-

293 2793 578 2885 gandam
605 2792 972 2865 litterarum
1009 2788 1398 2863 felicitatem
1417 2806 1484 2861 et
1521 2790 1798 2880 gloriam
1833 2790 2267 2869 litteratorum
2289 2842 2311 2875 ‚

296 2907 408 2993 qui
447 2930 598 2981 eum
637 2929 970 2977 summum
1025 2906 1402 2996 pontificem
1464 2905 1657 2975 Pium
1700 2905 1839 2976 VII
1892 2905 2314 2979 comitaretur

289 3027 616 3111 Parisios,
673 3027 844 3095 obiit
899 3026 1197 3117 Lugduni
1254 3026 1324 3095 in
1383 3026 1606 3098 Gallia
1663 3049 1791 3095 uon
1830 3025 1974 3095 sine
2012 3025 2305 3103 maximo

287 3136 493 3225 ipsius
534 3138 866 3207 Pontificis
905 3138 1134 3208 dolore
1160 3154 1228 3207 et
1254 3138 1653 3227 reipublicae
1672 3140 2033 3209 littorariae
2053 3191 2068 3206 .
2090 3141 2156 3209 Is
2185 3140 2303 3209 ita.-

289 3274 416 3340 que
455 3274 571 3340 pto
607 3274 724 3335 ea,
760 3276 888 3341 qua
929 3252 997 3319 in
1033 3252 1270 3342 primis
1311 3252 1640 3341 pollebat,
1689 3252 1982 3321 eruditae
2019 3252 2317 3343 antiqui-2

295 3363 450 3433 tatis
490 3362 764 3453 peritia,
803 3363 1078 3454 adeptus
1119 3362 1885 3445 fuer-arvetuatissimum
1924 3370 2309 3437 astronomi-

291 3500 444 3547 cum
485 3494 982 3551 monumentum
999 3530 1020 3563 ,
1052 3478 1320 3568 globum
1356 3477 1613 3551 scilicet
1650 3479 2037 3565 caelestem,
2068 3482 2305 3550 cuficow

294 3592 674 3677 arabicum,
729 3615 935 3684 eoque
997 3609 1340 3665 ornaverat
1399 3616 1699 3663 museum
1758 3619 1959 3687 prope
2015 3597 2307 3690 regium,

294 3712 468 3800 quod
503 3728 774 3805 paterna
811 3712 882 3778 in
921 3712 1118 3780 domo
1151 3710 1432 3785 Velitris
1471 3712 1615 3803 ipse
1653 3714 2083 3789 instruxerat.
2115 3720 2313 3796 Toal-

295 3828 416 3899 dus
453 3852 608 3899 eum
646 3828 998 3899 illustravit
1031 3830 1284 3899 duabus
1331 3830 1631 3921 epistolis
1668 3834 1751 3903 ad
1786 3834 2127 3913 Simonem
2175 3841 2306 3907 As-

293 3970 636 4035 semanum
658 3996 680 4033 ,
717 3947 830 4039 qui
870 3947 955 4113 agi
991 3948 1064 4021 id
1101 3947 1320 4041 eidem
1355 3948 1646 4025 hortator
1688 3949 1939 4043 fuerat,
1976 3954 2313 4033 eruditum

836 4058 880 4111 2
