3125 4975
855 357 995 448 404
1810 376 1981 433 vrrs

867 519 1016 594 pter
1054 501 1232 576 urbis
1273 499 1782 592 amplitudinem
1804 551 1822 570 .
1864 501 2085 571 Nemo
2120 497 2241 570 illo
2276 500 2667 592 humanior,
2703 504 2909 580 beni-

856 625 1081 715 gnior‚
1143 619 1490 697 officiosior
1521 673 1537 688 .
1606 622 1752 690 Hac
1818 637 2001 690 tanta
2062 619 2503 712 popularitate
2564 627 2853 696 summis
2876 683 2899 714 ,

859 739 1141 824 mediis,
1179 739 1426 807 infimis
1487 737 1915 808 vehementer-
1975 757 2196 830 gratus
2248 755 2319 808 et
2372 761 2682 832 acceptus
2726 742 2899 818 fuit.

873 857 1017 928 Nec
1053 855 1294 924 miror.
1333 852 1723 926 Animorum
1766 853 2024 922 scilicet
2060 853 2476 925 conciliatrix
2510 856 2897 928 humanitas

863 993 934 1044 et
972 973 1294 1044 modestia
1317 1023 1333 1038 .
1372 973 1558 1060 Quae
1600 972 1867 1062 quidem
1906 973 1976 1041 in
2017 972 2286 1043 bomine
2341 989 2565 1043 tantae
2624 973 2900 1045 celebri.

859 1092 1016 1164 tatis
1055 1114 1134 1161 eo
1175 1089 1380 1180 pluris
1417 1087 1869 1174 aestimanda,
1907 1113 2036 1179 quo
2090 1090 2329 1159 rariori
2388 1091 2497 1160 Ad
2552 1114 2705 1160 eum
2742 1092 2892 1162 adi-

860 1207 1028 1280 bant
1059 1205 1236 1276 cives
1273 1227 1352 1276 ae
1389 1201 1719 1295 peregrini
1742 1253 1761 1282 ‚
1788 1202 1912 1270 viri
1952 1201 2207 1272 nobiles
2248 1227 2323 1272 ac
2360 1203 2669 1274 litterati.
2708 1205 2893 1296 Quin

864 1327 1218 1420 postremis
1259 1323 1439 1392 hisee
1478 1321 1884 1411 temporibus
1924 1345 2077 1390 eum
2114 1322 2345 1390 invisit
2382 1346 2499 1392 rex
2534 1323 2681 1414 ipse
2728 1349 2891 1395 nea-

863 1443 1237 1537 politanus,
1275 1454 1346 1505 et
1379 1435 1730 1506 honorifice
1776 1434 2047 1504 habuit.
2104 1435 2259 1507 Non
2311 1436 2460 1506 ideo
2508 1455 2733 1507 tamen
2770 1440 2892 1508 de,

869 1560 1066 1631 scivit
1103 1559 1220 1628 ille
1246 1583 1286 1626 a
1316 1555 1786 1626 consuetudine
1826 1555 2142 1646 pristinae
2180 1555 2642 1626 humanitatis.
2668 1559 2895 1645 Quare

868 1699 1001 1744 non
1069 1671 1274 1742 multo
1335 1685 1487 1739 ante
1550 1685 1831 1737 mortem
1911 1667 2242 1760 Plauetias
2298 1691 2369 1738 se
2422 1669 2742 1752 contulit,
2791 1670 2893 1740 ihi

867 1817 1096 1861 omnes
1139 1789 1338 1859 voluit
1373 1789 1654 1860 invisere
1688 1786 1817 1855 sibi
1851 1785 2109 1874 affines,
2137 1811 2378 1886 eosque
2404 1787 2489 1860 ad
2512 1788 2893 1863 convivium

868 1913 1174 1982 adhibuit
1212 1911 1601 1978 instructum
1639 1906 2023 1996 splendide.

961 2033 1212 2121 Magna
1251 2027 1431 2096 enim
1472 2026 1762 2095 hominis
1800 2027 1871 2096 in
1908 2051 2137 2096 omnes
2182 2025 2587 2097 liberalitss=
2627 2030 2889 2118 praeci-

871 2167 1001 2237 pue
1041 2145 1109 2210 in
1150 2163 1505 2232 pauperes.
1561 2143 1641 2216 In
1696 2139 1815 2222 hos
1874 2141 2081 2210 multa
2136 2141 2403 2232 largiter
2436 2139 2761 2232 profudit.
2812 2145 2891 2210 In

871 2257 1165 2350 paranda
1201 2255 1517 2324 librorum
1558 2253 1967 2342 supellectile
2012 2254 2328 2345 pecuniae
2381 2279 2513 2324 non
2564 2257 2892 2346 pepercit.

875 2371 1323 2458 Epistolarum
1377 2387 1597 2436 autem
1656 2391 1807 2436 cum
1864 2381 1960 2435 tot
2020 2362 2175 2436 viris
2231 2368 2539 2438 litteratis
2595 2367 2900 2459 frequens

875 2508 1030 2557 usus
1069 2488 1288 2557 eidem
1329 2494 1683 2577 permagno
1720 2483 2053 2555 constitit.
2092 2490 2196 2556 Ex
2231 2485 2337 2555 his
2375 2485 2610 2569 fiebat,
2648 2502 2725 2555 ut
2759 2485 2899 2577 opi-

869 2602 996 2673 bus
1037 2628 1166 2672 non
1205 2602 1560 2671 admodum
1617 2598 2019 2684 abundaret,
2074 2599 2234 2669 licet
2296 2624 2425 2675 non
2478 2600 2751 2691 exiguas
2810 2620 2896 2668 ex

868 2722 1142 2815 publiea
1181 2719 1628 2793 munificentia
1666 2720 2066 2808 perciperet.

963 2838 1150 2924 Quae
1188 2832 1286 2900 sui
1325 2830 1612 2898 muneris
1649 2847 1871 2917 erant,
1912 2831 2264 2922 diligenter
2298 2831 2712 2923 praestabat.
2750 2835 2891 2903 Un-

881 2948 965 3020 de
1003 2946 1184 3015 brevi
1226 2942 1518 3014 confecto
1557 2943 1833 3028 itinere,
1870 2946 2043 3034 quod
2098 2969 2215 3035 per
2260 2944 2645 3035 subalpinae
2680 2947 2898 3037 regio-

867 3084 988 3138 nes
1041 3056 1613 3151 Langobardorum
1672 3080 1750 3127 ac
1801 3057 2117 3150 Ligurum
2178 3059 2591 3142 instituerat,
2632 3058 2715 3128 ad
2768 3084 2895 3129 sua

877 3180 1106 3254 statim
1143 3178 1376 3261 rediit,
1416 3192 1484 3249 et
1519 3176 1921 3252 Academiae
1958 3178 2203 3268 gloriae
2259 3179 2622 3247 inserviens
2660 3178 2907 3247 ditavit

877 3294 1068 3368 novis
1124 3294 1310 3385 quasi
1367 3290 1695 3364 mercibus
1750 3290 1890 3385 ejus
1944 3298 2113 3365 Aeta
2156 3342 2175 3358 .
2228 3291 2501 3365 jamdiu
2548 3290 2899 3361 dimiserat

877 3412 1244 3483 animarum
1284 3428 1505 3476 curam
1539 3404 1609 3471 in
1646 3403 2097 3494 Praepositum
2154 3404 2612 3473 sanctissimae
2665 3402 2900 3473 Τήιιὶφ

879 3521 1037 3597 tatis
1074 3521 1357 3602 electus,
1398 3532 1465 3591 et
1503 3515 1570 3593 in
1608 3538 1937 3595 sacrorum
1988 3532 2318 3607 pastorum
2366 3517 2665 3596 ordinem
2712 3516 2903 3589 urbis

829 3614 838 3625 ⁵
879 3640 1228 3735 patavinae
1265 3635 1627 3723 descriptus
1656 3686 1671 3702 .
1712 3637 1929 3723 Quam
1970 3635 2251 3715 sollicite
2292 3634 2501 3704 obivit
2537 3657 2758 3704 sacrae
2804 3635 2900 3705 il-

883 3760 1016 3831 lius
1053 3756 1572 3847 congregationis
1609 3753 1867 3827 officia!
1914 3756 2243 3829 Omnibus
2298 3754 2725 3833 com-,entibus
2784 3778 2905 3831 ac-

879 3890 1101 3973 curate
1135 3872 1446 3949 intererat
1483 3896 1631 3941 cum
1673 3873 1824 3951 aliis
1862 3872 2127 3951 urbanis
2164 3874 2466 3965 parochis
2513 3872 2649 3941 suis
2694 3872 2907 3949 colle-

883 3998 1026 4092 gis,
1057 3992 1223 4098 'quos
1261 3990 1388 4071 sibi
1425 3991 1786 4093 'plurimum
1824 3992 2120 4077 devinxit
2142 4045 2158 4071 .
2548 3996 2557 4009 ’
