3125 4975
839 315 980 416 576
1799 343 1963 396 vin

863 461 1140 534 lentium
1201 463 1665 534 consuetudine
1700 476 1768 533 et
1824 462 2203 534 eruditione
2236 459 2575 554 proficeret
2598 519 2619 536 .
2682 463 2901 539 Utro·-
2954 519 2963 529 -

863 579 1063 668 bique
1089 576 1336 646 utiliter
1369 575 1657 662 mansit3
1696 601 1772 646 ac
1808 575 2143 646 Bononiae
2178 577 2447 668 quidem
2486 581 2899 652 Beccarium

861 697 1070 768 audiit
1089 749 1112 780 ,
1133 696 1466 766 Montium
1488 749 1512 780 ,
1529 693 1975 788 Azzoguidurn
1994 749 2015 781 ,
2042 689 2365 788 Laghium
2386 745 2408 782 ,
2444 696 2624 765 viros
2647 700 2899 772 doctri-

855 835 940 882 na
965 829 1032 882 et
1059 811 1235 882 fama
1253 813 1540 883 illustres
1557 813 1835 882 .Horum
1866 813 2208 904 colloquiis
2234 813 2509 882 eruditis
2534 813 2891 902 interfuit,

847 927 1293 1001 institutiones
1331 931 1635 1024 excepit,
1666 956 1815 1001 cum
1853 931 2093 1002 iisdem
2130 947 2355 1023 postea
2394 949 2711 1002 mutuum
2752 935 2891 1026 epi-

847 1049 1160 1118 stolarum
1199 1049 1671 1122 commercium
1708 1049 2073 1134 habuit‚ut
2108 1048 2311 1118 etiam
2344 1071 2492 1118 cum
2526 1026 2895 1121 Ffancisco

847 1166 1124 1233 Zanotto
1159 1162 1555 1256 philosopho
1598 1164 1822 1254 magni
1861 1163 2149 1232 nominis
2172 1213 2196 1248 ,
2226 1157 2416 1256 cujus
2452 1162 2723 1232 auditor
2750 1162 2887 1234 fue-

845 1293 946 1348 rat
972 1330 988 1345 .
1029 1277 1140 1348 Sic
1189 1277 1306 1348 ille
1343 1301 1382 1346 e
1435 1277 1664 1347 moltis
1720 1271 2329 1351 commodissimum
2364 1278 2680 1367 quodque
2746 1279 2885 1348 ele-

848 1394 985 1483 git3
1025 1415 1154 1462 non
1193 1393 1308 1462 uui
1345 1407 1645 1475 tantum,
1702 1405 1815 1460 aut
1866 1389 2057 1460 alteri
2108 1413 2185 1462 ce
2228 1411 2302 1460 se
2360 1389 2667 1459 addixit:
2706 1393 2886 1462 unde

847 1508 1199 1598 multiplex
1237 1531 1318 1576 ea
1369 1505 1665 1576 doctrina
1682 1555 1707 1592 ,
1750 1525 1921 1596 quae
1970 1503 2283 1576 sanandis
2342 1501 2595 1574 morbis
2668 1505 2883 1596 pluri-

848 1643 1031 1696 mum
1071 1641 1436 1717 opportuna
1461 1677 1478 1694 .

927 1749 1058 1813 Tot
1111 1744 1349 1836 opibus
1421 1741 1745 1812 scientiae
1790 1757 2021 1810 auctus
2052 1735 2453 1831 Rhodigium
2488 1735 2733 1808 venit:
2784 1743 2879 1812 ibi

853 1861 1234 1952 aliquandiu
1286 1859 1619 1929 medicum
1661 1859 1797 1950 egit
1835 1859 2041 1928 multa
2096 1883 2265 1928 cum·
2302 1857 2547 1927 civium
2602 1857 2875 1930 illorum

851 1975 1044 2044 laude
1069 2017 1086 2042 .
1125 1973 1345 2063 thue
1381 1988 1523 2040 erat
1570 1973 1655 2041 ad
1694 1972 1911 2041 studia
1950 1973 2141 2042 valde
2176 1995 2535 2064 propensus
2558 1972 2727 2058 ,ubi
2766 1974 2883 2044 ha-

845 2090 1169 2160 bebantur
1228 2085 1533 2180 publicae
1592 2091 2071 2183 disputationes
2088 2143 2109 2178 ,
2162 2089 2401 2161 iisdem
2456 2106 2527 2160 et
2582 2091 2729 2180 ipse
2774 2091 2881 2159 in·

837 2219 1088 2275 tet-erat
1141 2205 1214 2273 in
1277 2203 1516 2273 illustri
1574 2203 1947 2277 auditorum
2002 2229 2239 2275 corona
2274 2255 2295 2290 ,
2352 2205 2879 2295 argumentantis

846 2347 1044 2416 saepe
1085 2349 1428 2416 personam
1481 2325 1761 2395 induens
1794 2377 1809 2394 .
1873 2325 2029 2396 Non
2087 2325 2295 2394 multo
2332 2339 2481 2413 post
2516 2345 2593 2391 se
2632 2325 2711 2394 in
2766 2352 2881 2418 pa.

843 2441 1042 2512 triam
1083 2445 1448 2531 transtulit,
1503 2442 1731 2536 ibique
1778 2441 2178 2515 medicinam
2218 2437 2511 2511 exercuit
2564 2439 2879 2513 robustus

843 2580 921 2626 ac
960 2557 1190 2649 vigens
1227 2582 1431 2651 usque
1468 2558 1553 2627 ad
1592 2558 1896 2629 ultimam
1934 2572 2375 2626 senectutem.

937 2674 1152 2745 Vetus
1188 2672 1450 2763 querela
1495 2687 1635 2756 est,
1692 2672 2009 2741 nimirum
2064 2669 2386 2761 quosdam
2440 2690 2527 2738 ex
2586 2672 2872 2741 medicis

851 2812 982 2855 non
1040 2785 1393 2855 admodum
1445 2786 1663 2854 valere
1718 2783 2057 2869 doctrina,
2088 2784 2405 2874 quosdam
2444 2806 2578 2851 uon
2638 2787 2877 2857 admo..

847 2902 1003 2971 dum
1041 2896 1488 2987 experientia3
1527 2920 1803 2990 quarum
1852 2914 2075 2968 tamen
2114 2915 2383 2990 utraque
2422 2898 2699 2967 omnino
2740 2926 2873 2971 mc*-

849 3013 998 3081 dico
1049 3013 1450 3099 necessaria,
1501 3013 1707 3083 altera
1762 3012 2031 3105 quidem
2056 3067 2077 3099 ,
2130 3036 2215 3082 ne
2262 3038 2303 3083 a
2356 3014 2877 3105 contemplando

841 3131 924 3200 ad
949 3131 1346 3202 medendum
1371 3128 1704 3202 traductus
1740 3133 2009 3203 haereat
2044 3134 2381 3221 incertus(
2402 3132 2662 3222 agendo
2684 3137 2873 3205 euin

836 3250 1143 3320 homines
1178 3256 1316 3345 apti
1354 3253 1441 3325 ad
1479 3253 1805 3347 agendum
1842 3254 2056 3347 fiunt)
2072 3307 2094 3341 ,
2124 3254 2330 3324 altera
2366 3278 2520 3323 vero
2532 3304 2561 3341 ,-
2594 3280 2685 3325 ne
2720 3258 2875 3327 sola

841 3371 1246 3461 experientia
1281 3373 1474 3443 nixus
1513 3374 1960 3466 periclitetur:

1299 3531 1779 3558 .....
1872 3486 2161 3557 Alterius
2193 3487 2297 3557 sic

933 3600 1160 3673 Altera
1189 3604 1408 3697 poscit
1443 3630 1635 3699 opem
1670 3628 1817 3696 res,
1852 3616 1925 3677 et
1958 3609 2265 3701 conjurat
2294 3602 2510 3699 amice
2550 3608 2659 3699 (1)
2682 3654 2709 3678 .-

843 3720 993 3793 Jam
1032 3740 1184 3791 vero
1247 3720 1609 3812 plurimum
1664 3740 1937 3815 utraque
1970 3720 2279 3794 excelluit
2314 3724 2605 3795 Joannes
2661 3726 2889 3795 Fran-

1517 3886 2177 3918 mmmmm„

923 3992 1020 4075 (ι)
1058 3992 1201 4056 Hor.
1243 3990 1315 4055 de
1357 4002 1476 4054 arte
1516 4005 1673 4075 poet.
1714 4010 1771 4059 v.
1814 3999 1950 4071 4¹⁰·
1991 3998 2137 4069 [με.
