3125 4975
811 342 950 415 536
1726 336 1899 405 ‘rim'

811 474 1044 571 gendis
1095 474 1181 545 iis
1235 470 1605 545 intensione
1660 471 1878 539 oculos
1918 490 2131 561 paene
2168 469 2505 559 amiserit,
2544 478 2873 567 quemad-

811 590 1084 661 modum
1121 588 1284 657 olim
1313 586 1518 675 Alpes
1545 600 1982 677 transgressus
2020 584 2352 657 Annibal.
2374 589 2551 677 Quin
2590 614 2662 659 se
2688 591 2867 663 bea..

809 726 949 781 tum
973 762 993 793 ,
1034 725 1108 778 ut
1153 708 1248 775 ita
1287 706 1504 774 dicam
1529 758 1546 787 ,
1587 704 1901 793 putabat,
1948 702 2003 771 si
2042 705 2207 795 quid
2246 706 2569 795 potuisset
2620 732 2857 779 eruere

807 848 894 896 ex
931 823 1272 893 vetustatis
1309 822 1591 913 caligine
1614 870 1630 887 .
1672 821 1800 889 Me
1836 820 2057 904 nosti,
2106 821 2325 912 inquit
2363 823 2478 891 ille
2501 874 2519 904 ‚
2562 822 2853 916 caloge-

804 936 886 1004 νά
911 990 930 1021 ,
954 935 1184 1025 tuique
1223 930 1771 1008 camaldulenses
1789 982 1813 1017 ,
1848 942 1925 1021 ut
1963 930 2151 1003 venio
2184 934 2386 1003 toties
2422 936 2516 1005 ad
2552 961 2661 1005 vos
2698 935 2841 1005 exi..

807 1048 980 1125 liens
1035 1074 1308 1141 corpore
1367 1047 1717 1137 mltuque,
1765 1047 1837 1119 .ςί
1864 1045 2027 1135 quid
2062 1047 2345 1119 additur
2378 1050 2451 1119 in
2488 1050 2616 1121 hoc
2648 1077 2849 1143 gene.

807 1196 882 1243 re
915 1166 1255 1241 scriniolis
1297 1165 1468 1239 meis
1505 1170 1657 1259 (1).
1696 1168 1817 1237 His
1871 1168 1987 1237 ille
2038 1167 2327 1237 habebat
2364 1169 2536 1237 nihil
2590 1174 2849 1244 carius.

897 1288 1262 1360 Plurimum
1321 1309 1470 1369 vero
1519 1285 1968 1355 delectabatur
2024 1287 2348 1371 monetis,
2400 1310 2675 1377 quarum
2722 1314 2841 1361 ru-

809 1406 1104 1479 dioribus
1140 1402 1417 1473 saeculis
1458 1426 1613 1473 usus
1650 1419 1827 1471 erat.
1866 1401 2407 1473 Nunnismatibus
2444 1421 2705 1490 autem,
2742 1408 2847 1477 si..

805 1521 984 1613 gillis
1026 1573 1046 1604 ,
1107 1516 1399 1607 plumbis
1463 1514 1813 1585 videbatur
1864 1516 2353 1605 quodammodo
2422 1518 2651 1587 satiari
2710 1544 2841 1590 non

803 1660 995 1731 posse
1019 1690 1035 1707 .
1077 1638 1174 1709 Ac
1213 1651 1556 1726 propterea
1605 1634 1839 1704 harum
1878 1656 2094 1705 rerum
2130 1636 2484 1725 collegerat
2522 1659 2835 1727 magnam

805 1753 1064 1842 copiam
1089 1802 1104 1819 .
1140 1750 1338 1839 Nihil
1369 1766 1591 1818 tamen
1624 1749 1879 1839 aegrius
1910 1748 2335 1837 impartiebat
2376 1748 2603 1836 alteri,
2634 1774 2839 1841 quam

803 1870 964 1960 quid
1019 1892 1104 1935 ex
1164 1868 1305 1935 his.
1355 1864 1472 1949 ld,
1525 1868 1805 1956 inquit(
1843 1867 2231 1957 loquebatur
2276 1867 2357 1937 de
2409 1869 2614 1939 veteri
2670 1876 2840 1959 qu'o-

805 1987 960 2057 dam
1027 1982 1296 2071 plumbo
1347 1984 1376 2071 )
1435 1981 1511 2053 id
1559 1980 1731 2053 mihi
1782 1982 1988 2051 invito
2046 1994 2381 2055 extortum
2446 1996 2549 2055 est
2598 1984 2843 2055 amici-

804 2097 946 2179 tia,
985 2094 1307 2183 donisque
1343 2098 1450 2185 (2)
1473 2148 1488 2163 .
1529 2100 1609 2165 In
1650 2097 1752 2165 his
1794 2096 2081 2165 habebat
2116 2074 2265 2166 suas
2304 2098 2579 2168 delicias
2600 2152 2621 2185 ,
2672 2122 2841 2189 quo-

803 2234 948 2280 rum
989 2190 1293 2280 diuturno
1331 2234 1450 2279 usu
1491 2210 1813 2279 didicerat
1852 2211 1933 2279 de
1974 2211 2211 2281 iisdem
2252 2210 2543 2307 judicare
2570 2213 2839 2303 sapien-

803 2338 942 2395 ter.
1000 2326 1174 2395 Hinc
1229 2324 1421 2393 avide
1483 2324 1665 2395 illius
1706 2324 2031 2393 sententia
2082 2324 2165 2393 ab
2204 2326 2481 2396 eruditis
2538 2326 2833 2418 exquiri,

801 2458 870 2512 et
917 2441 1136 2534 magni
1195 2442 1332 2512 fieri
1355 2495 1378 2529 ,
1436 2442 1647 2513 immo
1700 2442 1933 2516 haberi
1973 2442 2063 2515 ab
2099 2444 2182 2514 ii·
2220 2443 2409 2538 quasi
2459 2445 2787 2515 oraculum
2812 2497 2833 2514 .

799 2555 878 2623 Id
945 2555 1210 2646 planum
1269 2555 1382 2626 fiet
1441 2580 1524 2626 ex
1579 2556 1700 2638 iis,
1758 2556 2303 2648 quae-narrabo,
2350 2573 2691 2650 postquam
2748 2558 2841 2630 de

801 2671 1133 2748 nonnullis
1175 2669 1352 2736 illius
1391 2669 1697 2758 operibus
1740 2679 1943 2758 pauca
1985 2671 2241 2742 dixero.

893 2791 991 2860 Ac
1032 2787 1314 2874 primum
1357 2788 1623 2874 quidem
1677 2785 1759 2854 de
1808 2811 1887 2856 eo
1928 2787 2097 2858 libro
2138 2790 2400 2875 dicam,
2439 2811 2633 2880 quem
2678 2789 2833 2860 Ve-

799 2904 998 2972 netiis
1047 2924 1194 2968 ann.
1262 2901 1434 2992 1744
1489 2903 1554 2968 in
1618 2904 1830 2972 lucem
1882 2906 2066 2974 misit
2106 2909 2213 2998 (3)
2252 2907 2347 2976 sic
2396 2906 2825 2997 inscriptum:

793 3022 902 3088 De
965 3039 1038 3084 re
1089 3017 1396 3088 numaria
1453 3018 1934 3092 Patavinorum
1967 3076 1989 3110 ‚
2048 3042 2117 3094 et
2173 3027 2408 3096 Marco
2470 3026 2833 3096 Fosoareno

795 3136 998 3224 equiti
1041 3160 1120 3206 ac
1155 3136 1292 3208 divi
1333 3138 1546 3208 Marci
1590 3145 1987 3230 procuratori
2028 3143 2316 3214 dicavit.
2354 3144 2679 3243 caueam,
2716 3163 2833 3210 cur

797 3255 1154 3341 susceperit
1193 3253 1362 3322 hunc
1403 3254 1693 3324 laborem
1720 3310 1739 3340 ,
1780 3258 1993 3347 aperit
2030 3259 2097 3328 in
2138 3256 2538 3349 praefatione
2587 3260 2829 3328 Bruna-

797 3363 926 3442 tius
959 3367 1102 3459 ipse
1123 3420 1140 3439 .
1181 3372 1322 3440 Diu
1339 3423 1362 3457 ‚
1401 3372 1531 3458 ait,
1584 3397 1803 3444 versor
1842 3372 1911 3442 in
1958 3371 2047 3444 iis
2105 3372 2463 3446 tabulariis
2498 3375 2529 3469 (
2565 3369 2841 3452 scilicet

1474 3607 1723 3636 MS*
1730 3609 2055 3638 um
2063 3609 2142 3636 §a

871 3745 970 3822 (r)
1013 3742 1186 3802 Initio
1228 3741 1512 3828 epistolae
1553 3749 1632 3808 de
1654 3753 1836 3826 sacto
1872 3748 2239 3814 Man-hiae.

879 3850 975 3924 (2)
1025 3845 1240 3906 Ibidem
1281 3851 1450 3930 paulo
1493 3865 1623 3932 post
1652 3898 1666 3913 .

871 3949 968 4032 (3)
1009 3949 1196 4034 Typis
1237 3953 1332 4014 Jo.
1371 3953 1667 4034 Baptistae
1709 3953 1976 4038 Pasquali
2011 3955 2077 4017 iu
2116 3957 2179 4018 8.
