3125 4975
1638 580 1975 713 v'i‘r'A

1207 830 1611 941 PETRI
1698 812 2367 950 FACCIOLI

869 1580 1172 1732 Petrus
1227 1652 1562 1731 Facciolus
1600 1650 1854 1727 Patavii
1908 1666 2103 1725 natus
2168 1668 2271 1725 est
2341 1670 2513 1725 anno
2564 1640 2817 1723 saecuti

783 1775 1134 1867 superioris
1201 1788 1430 1863 octavo
1462 1825 1485 1858 ‚
1553 1770 1769 1839 Nonis
1834 1766 2154 1856 Quintilis
2184 1802 2227 1835 .·
2269 1767 2374 1835 Ad
2421 1764 2819 1862 religionem

781 1891 1002 1981 ipsum
1045 1898 1296 1951 mature
1333 1880 1635 1966 institui,
1676 1890 1743 1950 et
1782 1880 2016 1971 primia
2073 1878 2277 1949 etiam
2316 1878 2555 1948 litteris·
2602 1877 2816 1947 infor·

777 2000 946 2087 mari
989 1998 1330 2067 voluerunt
1365 1988 1545 2064 illius
1585 2010 1888 2083 parentes
1905 2046 1927 2080 ‚
1958 2008 2099 2063 tum
2128 1992 2571 2064 Seminarium
2614 2011 2809 2087 pata-

776 2120 1007 2187 vinum
1045 2106 1347 2209 ingredi,
1371 2128 1444 2185 ut
1497 2107 1757 2183 facilius
1808 2099 2001 2207 liujus
2039 2108 2438 2203 disciplinae·
2476 2094 2811 2202 praesidio·

777 2237 850 2306 in
889 2235 1182 2305 moribus
1219 2232 1585 2323 studiisque
1618 2230 1958 2323 proficeret
1978 2232 2277 2326 ,Annum
2306 2230 2364 2299 is
2405 2226 2641 2321 agebat
2676 2236 2813 2301 ter-

774 2352 944 2423 tium
1001 2352 1375 2445 decimum,
1427 2372 1579 2419 eum
1638 2346 1708 2416 in
1747 2346 2069 2439 Alumnos
2104 2346 2411 2447 ejusdem,
2448 2345 2805 2419 seminarii

777 2489 1118 2565 cooptatus
1145 2470 1497 2562 superioris
1527 2469 1995 2560 grammaticae
2022 2484 2283 2537 cursum
2313 2462 2507 2551 iniit,
2544 2465 2810 2536 eodem-

777 2613 906 2678 que
936 2587 1230 2658 confecto
1257 2609 1602 2678 prospere,
1632 2587 1703 2653 in
1728 2584 1888 2654 artis
1912 2584 2275 2653 rhetoricae
2296 2583 2586 2654 stadium
2618 2585 2809 2674 prod-

775 2708 860 2780 iit
900 2761 914 2776 .
965 2708 1158 2800 Quod
1213 2701 1484 2794 quidem
1543 2700 1901 2772 triennium
1955 2717 2352 2794 persequens
2414 2718 2565 2772 cum
2610 2703 2810 2774 laude

785 2817 1104 2912 percurrit
1141 2829 1272 2883 non·
1309 2815 1582 2906 exigua;
1618 2831 1759 2884 erat
1794 2815 1973 2884 enim
2012 2813 2112 2883 illi
2138 2829 2521 2905 experrecta
2556 2815 2809 2908 ingenii

669 2965 674 2972 ·
781 2938 1042 3008 indoles
1083 2959 1158 3006 ac
1199 2921 1585 3026 perspicax,
1628 2933 1988 3006 memoriae
2041 2931 2355 3023 firmitas,
2396 2937 2604 3007 multa
2659 2919 2811 3004 eon.

780 3052 988 3122 tentio
1015 3103 1036 3122 .
1085 3055 1254 3127 Mox
1291 3039 1458 3123 adiit
1497 3041 1929 3144 pliilosopbos
1952 3107 1975 3139 ,
2016 3070 2155 3124 tum
2194 3047 2620 3150 'jurisperitos
2656 3069 2809 3122 eon-

661 3233 668 3240 .
773 3171 1014 3258 euluit,
1071 3171 1352 3268 denique
1409 3172 1778 3264 theologiae
1818 3196 1889 3241 se
1944 3197 2016 3242 se
2063 3171 2287 3256 dedit,
2344 3197 2428 3259 ac·
2468 3173 2553 3242 de
2606 3171 2804 3242 rebus

775 3283 862 3354 ad
911 3309 1060 3357 eam
1109 3286 1569 3376 spectantibus
1608 3284 1880 3366 biennio
1916 3283 2067 3376 post
2102 3285 2442 3377 publicam
2499 3286 2799 3376 disputa-

779 3395 1028 3466 tionem
1066 3399 1378 3468 sustinuit
1413 3397 1593 3470 felici
1634 3413 1871 3468 eventu
1896 3451 1911 3466 .
1964 3399 2322 3489 Nunquam
2362 3412 2587 3482 tamen
2622 3396 2799 3488 poli-

781 3513 1024 3584 tiorum
1061 3514 1425 3586 litterarum
1465 3517 1683 3588 studia
1738 3514 2140 3588 intermisit.
2182 3517 2367 3588 Haeo
2408 3516 2606 3588 simul
2641 3539 2803 3588 eum

779 3633 1212 3706 severioribus
1278 3635 1649 3727 disciplinis
1704 3636 1995 3706 excoluit
2038 3687 2055 3705 .
2120 3637 2200 3705 In
2278 3635 2571 3726 utrisque
2646 3633 2803 3703 aliis

779 3751 1116 3846 praeibat.
1173 3753 1574 3844 Theologica
1630 3755 1899 3826 demum
1940 3754 2174 3824 laurea
2226 3753 2507 3823 donatus·
2552 3750 2679 3822 fuit
2726 3753 2799 3822 in

773 3885 958 3939 oacro
991 3867 1296 3958 patavino
1324 3855 1660 3961 Collegio,
1696 3885 1767 3942 et
1801 3869 1873 3941 in
1908 3867 2207 3942 ordinem
2238 3867 2502 3939 illorum
2534 3884 2799 3960 patrum

765 3981 1172 4078 descriptus.
