3125 4975
815 346 1020 397 xxm

817 482 1098 551 eumque
1137 458 1222 527 de
1257 454 1422 525 sella
1445 508 1462 539 ,
1501 471 1575 523 ut
1614 472 1830 523 mente
1870 470 2176 544 captum,
2240 472 2307 525 et
2344 480 2473 547 quo
2532 476 2705 527 esset
2762 457 2829 527 in

817 581 964 649 loco
1001 580 1298 667 ignarum
1326 627 1343 658 ,
1385 575 1733 665 proripuit.
1776 575 2104 664 Magnum
2144 574 2643 664 inauditumque
2681 600 2832 665 spe·

819 692 1182 795 etaculum!
1227 692 1464 787 Caium
1491 694 1841 763 Caesarem
1866 746 1887 779 ,
1924 696 2036 785 qui
2074 695 2395 785 plurimas
2428 720 2653 770 causas
2693 720 2836 786 ege-

819 827 958 896 rat,
998 810 1111 899 qui
1151 831 1378 878 omnes
1419 824 1745 879 oratorum
1811 810 2201 899 praestigias
2268 826 2579 895 noverat,
2618 810 2729 901 qui
2767 832 2839 877 se

817 942 1040 995 contra
1077 921 1362 1016 cujusvis
1401 923 1723 1013 impetum
1774 924 1937 992 satis
1986 925 2311 995 munitum
2352 950 2427 994 ac
2462 925 2833 994 roboratum

817 1038 1094 1130 putabat
1136 1090 1155 1121 ,
1204 1035 1560 1106 sensilibus
1625 1036 2029 1129 imaginibus
2098 1046 2474 1128 percussum
2535 1038 2769 1108 cedere
2814 1062 2833 1105 ε

821 1158 965 1243 his,
1007 1158 1276 1247 inquam
1301 1209 1322 1241 ,
1363 1156 1789 1225 vehementer
1825 1172 2045 1227 actum
2102 1158 2419 1228 victorem
2482 1157 2779 1249 gentium
2821 1211 2839 1240 ,

819 1270 1225 1361 reipublicae
1291 1270 1770 1355 moderatorem
1814 1323 1834 1354 ,
1888 1295 2221 1343 summum
2286 1273 2463 1343 orbis
2522 1290 2842 1343 terrarum

821 1387 1188 1476 principem
1231 1383 1727 1473 impallescere,
1776 1386 2321 1469 contremiscere,
2384 1386 2469 1455 de
2504 1386 2663 1455 sede
2726 1410 2843 1453 sua

819 1476 1252 1591 praecipitem
1291 1496 1560 1565 exsilire
1576 1528 1613 1561 υ
1648 1496 1663 1563 !
1708 1497 1889 1567 Num
1922 1498 2028 1567 his
2064 1497 2410 1589 quidpiam
2448 1496 2666 1567 afferri
2699 1515 2847 1589 pot-

821 1636 923 1689 est
959 1617 1218 1689 facilius
1273 1643 1350 1689 ac
1387 1619 1688 1707 planius,
1734 1634 1848 1716 aut
1885 1619 2017 1687 dici
2056 1619 2471 1708 simplicius?
2511 1620 2662 1690 Alia
2704 1620 2846 1709 plu-

825 1761 896 1805 ra
937 1738 1088 1805 aliis
1125 1738 1196 1803 in
1235 1728 1393 1805 locis
1433 1733 2043 1807 commemorabilia
2090 1734 2445 1825 proferrem
2474 1788 2493 1820 ,
2550 1734 2680 1802 nisi
2744 1737 2855 1805 in-

828 1849 1194 1939 telligerem
1235 1872 1340 1915 me
1381 1848 1552 1937 apud
1594 1836 1838 1915 multos
1876 1848 2088 1939 loqui,
2124 1848 2235 1937 qui
2267 1849 2459 1917 toties
2496 1847 2690 1916 illum
2730 1872 2859 1938 pu..

821 1962 998 2031 bliee
1055 1960 1386 2031 dicentem
1449 1985 1566 2029 sua
1620 1960 1991 2049 praesentia
2040 1960 2509 2044 honestarunt,
2552 1984 2631 2028 ac
2694 1960 2859 2029 licet

833 2073 974 2166 ejus
1015 2074 1158 2141 voci
1195 2073 1478 2143 disertae
1515 2088 1584 2141 et
1622 2072 1939 2142 facundae
1976 2077 2163 2167 aures
2188 2090 2384 2165 atque
2422 2074 2721 2144 animum
2765 2101 2866 2144 as-

833 2188 1204 2273 sueverint,
1245 2187 1453 2257 nihilo
1491 2202 1714 2255 tamen
1753 2187 1971 2255 minus
2010 2186 2237 2255 rudem
2278 2211 2496 2256 meam
2522 2204 2592 2257 et
2638 2188 2865 2279 impe-

837 2302 1075 2386 fitam,
1117 2302 1290 2391 quod
1329 2281 1811 2370 est'indicium
1872 2299 2226 2395 singularis
2294 2300 2735 2373 humanitatis
2805 2317 2872 2372 et

771 2472 779 2479 -
839 2419 1240 2511 patientiae,
1281 2442 1409 2488 non
1448 2433 1907 2510 aspernantur.

923 2535 1342 2624 Quamquam
1380 2531 1540 2626 quid
1578 2555 1699 2624 ego
1728 2555 1846 2615 ea,
1906 2555 2075 2624 quae
2112 2531 2327 2600 adhue
2366 2532 2619 2618 latent,
2663 2531 2865 2625 pluri-

835 2649 960 2722 bus
1001 2652 1228 2720 verbis
1256 2651 1752 2722 commemoro?
1782 2649 1909 2719 Illa
1952 2648 2073 2716 illa
2112 2647 2325 2738 potius
2387 2647 2811 2737 proferantur
2852 2706 2875 2737 ,

839 2794 1008 2862 quae
1077 2767 1424 2839 manifesta
1463 2785 1532 2838 et
1569 2783 1794 2858 aperta
1838 2817 1859 2850 ,
1928 2787 2097 2856 quae
2162 2763 2509 2856 perspicua
2584 2786 2653 2837 et
2717 2787 2873 2840 nota

841 2879 1148 2952 omnibus
1189 2894 1380 2962 sunt3
1419 2878 1536 2948 illa
1602 2877 1919 2968 prodeant
1976 2877 2045 2946 in
2105 2867 2396 2946 medium
2448 2879 2875 2970 eloquentiae

839 3018 998 3068 suae
1037 3011 1460 3064 monumenta
1499 2996 1797 3066 omnium
1830 3019 2129 3066 sermone
2171 2996 2543 3084 celebrata,
2610 3001 2876 3091 vulgata

835 3114 1022 3205 typis
1041 3114 1126 3210 in
1167 3114 1571 3204 posteritatis
1614 3116 2007 3186 memoriam
2050 3145 2068 3203 3
2107 3115 2249 3212 ejus
2276 3168 2297 3200 ,
2366 3116 2649 3209 inquam
2673 3170 2692 3204 ,
2734 3118 2883 3208 pul·-

841 3231 1208 3302 cherrimae
1251 3232 1658 3306 laudationes
1704 3235 1971 3305 habitae
2022 3235 2091 3326 in
2114 3231 2336 3304 funere
2366 3234 2664 3308 virorum
2706 3258 2889 3327 prae-

840 3351 1188 3436 stantium,
1211 3351 1322 3446 qui
1363 3353 1468 3423 vel
1505 3355 1911 3445 gravissimis
1947 3333 2282 3425 Ecclesiae
2322 3355 2721 3426 muneribus
2752 3377 2894 3445 per-

845 3467 1052 3537 functi
1093 3486 1242 3540 sunt
1265 3524 1286 3557 ‚
1333 3473 1446 3543 vel
1485 3471 1570 3543 de
1618 3473 1938 3546 litteraria
1976 3472 2311 3566 republica
2348 3473 2896 3564 praeclarissime

843 3584 1064 3660 meriti
1107 3584 1364 3652 fuerunt
1389 3637 1406 3654 .

937 3703 1086 3790 Qua
1121 3702 1300 3778 enim
1339 3702 1624 3793 pietate,
1678 3729 1805 3796 quo
1859 3704 2125 3796 ingenio
2179 3705 2249 3772 iu
2306 3702 2535 3794 populi
2596 3717 2891 3794 conspe-⁴

849 3831 1032 3886 etum
1073 3818 1336 3888 veniens
1369 3819 1633 3890 deflevit
1670 3845 1889 3892 casum
1930 3838 2124 3910 atque
2158 3820 2511 3890 orbitatem
2545 3820 2893 3923 Ecclesiae

845 3933 1196 4014 :miversae
1233 3933 1320 4005 ob
1358 3935 1697 4018 interitum
1735 3939 2098 4011 Clementis
2136 3940 2305 4010 xm
2341 3936 2690 4009 Pontifici:
2725 3941 2895 4030 Ma÷
