3125 4975
2204 370 2343 459 2²97

1167 608 1235 683 v
1261 608 1385 719 1jr
1407 611 1469 682 A

647 824 1302 1019 NATALJS
1372 840 1971 949 LASTESH

396 1590 756 1737 Bassano
792 1660 1353 1757 proficiscentibus
1406 1660 1488 1736 ad
1527 1666 1933 1741 occidentem
1974 1686 2193 1742 versus
2230 1662 2324 1742 of·-

295 1788 425 1857 fert
476 1810 550 1855 se
607 1785 1012 1869 Marostiea,
1065 1802 1252 1852 vetus
1289 1782 1649 1872 oppidum,
1703 1802 1770 1851 et
1824 1784 1983 1855 satis
2029 1786 2320 1876 clarum3

295 1902 368 1972 in
407 1926 562 1993 agro
601 1900 883 1969 vicetino
923 1899 1126 1969 situm
1150 1949 1168 1966 .
1202 1898 1306 1969 Ibi
1347 1900 1450 1969 111
1487 1898 1631 1967 Cal.
1676 1899 1924 1989 Aprilis
1964 1920 2112 1969 ann.
2150 1920 2323 1993 1707

294 2041 512 2091 ortum
550 2018 784 2088 habuit
830 2018 1096 2089 Natalis
1135 2018 1470 2087 Lastesius
1494 2070 1514 2102 ,
1554 2016 1931 2108 politiorum
1970 2019 2319 2110 praecipue

297 2138 668 2207 litterarum
697 2136 1056 2205 cultoribus
1091 2152 1341 2227 gratum
1375 2156 1640 2206 nomen.
1674 2140 1777 2207 XI
1804 2136 1947 2207 Cal.
1988 2137 2319 2209 Novemb.

303 2274 456 2319 ann.
503 2268 672 2340 1717
713 2249 781 2317 in
819 2250 1198 2338 patavinum
1239 2249 1685 2322 Seminarium
1740 2252 2067 2342 excipitur
2114 2268 2325 2343 gram-

299 2363 696 2435 maticorum
745 2364 1312 2453 praeceptionibus
1349 2363 1778 2435 imbuendus.
1814 2367 1967 2438 Jam
2007 2382 2146 2435 tum
2184 2368 2322 2458 pol-

296 2478 482 2550 lebat
537 2476 754 2569 aliquo
799 2476 1046 2570 ingenii
1100 2480 1441 2562 acumine,
1481 2499 1719 2570 magna
1758 2478 2062 2549 utebatur
2112 2478 2322 2550 facili-

291 2609 432 2665 tate
469 2593 824 2663 memoriae
844 2609 950 2678 ,et
974 2593 1220 2662 eximia
1258 2592 1328 2661 in
1368 2591 1675 2663 omnibus
1712 2593 2313 2683 diligentia3quam

291 2709 532 2778 collato
568 2731 696 2776 non
734 2707 940 2777 semel
981 2707 1274 2797 praemio
1311 2708 1683 2777 excitarunt
1734 2723 2185 2800 praeceptores
2232 2706 2319 2776 si-

296 2827 372 2898 hi
428 2826 784 2917 plurimum
825 2825 910 2895 ab
967 2848 1045 2894 eo
1101 2825 1420 2915 polliciti.
1461 2827 1954 2897 Grammaticae
1993 2842 2059 2894 et
2100 2825 2322 2895 rheto-

293 2945 472 3017 ricae
529 2967 717 3014 cursu
771 2943 1056 3014 feliciter
1113 2943 1450 3032 absoluto,
1505 2945 1589 3015 ad
1628 2943 1982 3016 severiores
2038 2942 2322 3034 philoso-

291 3059 572 3152 phorum
621 3059 1114 3150 disquisitiones
1153 3062 1465 3130 accessit.
1507 3063 1695 3128 Tunc
1735 3081 2036 3128 exercere
2074 3081 2145 3126 se
2182 3083 2325 3128 rur-

252 3250 261 3259 ,
297 3191 409 3241 sus
447 3174 660 3264 coepit
684 3175 750 3241 in
793 3173 1036 3242 litteris
1058 3173 1184 3258 ,ad
1222 3198 1384 3265 quas
1418 3189 1651 3241 natura
1690 3196 2047 3263 propensus
2084 3193 2324 3261 magna

293 3291 560 3360 dicendi
613 3291 936 3384 elegantia
995 3309 1060 3360 et
1101 3294 1291 3384 copia
1331 3293 1578 3376 floruit,
1612 3291 1753 3359 sive
1781 3286 2070 3358 numeris
2106 3289 2318 3360 soluta

294 3404 650 3491 scriberet,
703 3409 842 3476 sive
889 3395 1111 3476 nexa.
1167 3409 1326 3477 Post
1363 3402 1943 3499 jurisprudentiam
1998 3403 2321 3490 excoluit,

297 3547 462 3594 mox
501 3549 572 3594 se
611 3525 795 3595 dedit
833 3525 1200 3618 theologiae
1227 3579 1242 3594 .
1281 3530 1464 3597 Duos
1502 3539 1577 3594 ae
1618 3523 1851 3616 viginti
1893 3546 2096 3592 annos
2130 3541 2319 3594 natus

295 3641 369 3710 in
407 3665 590 3710 sacro
627 3643 938 3732 patavino
975 3641 1422 3732 theologorum
1462 3639 1797 3730 collegio,
1834 3661 1985 3708 cum
2022 3637 2107 3707 de
2138 3659 2319 3708 more

302 3753 668 3844 periculum
727 3757 828 3824 sui
887 3755 1184 3844 fecisset,
1253 3756 1474 3826 laurea
1512 3771 1813 3839 ornatur,
1873 3769 1939 3823 et
1973 3751 2045 3821 in
2097 3774 2324 3820 eorum

295 3884 558 3936 coetum
596 3869 1024 3942 describitur.
1047 3871 1224 3941 Dein
1258 3870 1520 3962 eligitur
1543 3870 1615 3938 in
1632 3866 1925 3962 patavini
1964 3864 2319 3936 Seminarii

289 3983 724 4084 magistrum,
763 4009 840 4056 ac
863 3985 1024 4060 licet
1057 3986 1350 4060 nondum
1385 3985 1749 4062 sacerdotio
1784 3979 2134 4076 insignitus
2150 4031 2173 4065 ,
2210 3979 2318 4070 lu-
