3125 4975
2099 376 2280 430 XXIX

291 500 524 571 dicendi
561 500 720 581 ratio
751 554 770 586 ‚
805 522 978 591 quae
1017 498 1222 590 ipsius
1259 494 1522 587 propria
1584 496 1855 564 omnino
1910 495 2071 584 suit,
2114 500 2279 572 adeo
2392 566 2400 573 .

293 619 478 689 nitida
519 636 584 687 et
619 634 848 709 aperta
880 670 901 702 ‚
942 633 1016 685 ut
1051 616 1220 684 nihil
1259 615 1614 707 liquidius,
1678 638 1809 684 non
1868 615 2087 707 aliqua
2146 642 2283 687 am,

281 732 574 823 biguitate
611 729 934 801 sermonis
959 783 981 815 ,
1041 752 1172 797 non
1233 729 1462 799 multis
1519 745 1767 799 temere
1830 732 2227 799 coacervatis
2255 783 2280 816 ‚

281 868 396 913 non
445 846 642 919 nimio
677 843 950 934 ingenio
985 860 1053 911 et
1091 841 1398 912 acumine
1451 842 1725 912 obscura
1790 861 1857 913 et
1890 844 2219 913 adstricta
2255 896 2279 931 ,

281 962 387 1031 sed
423 966 630 1055 ample
687 958 936 1032 diffusa
991 976 1059 1050 et
1095 960 1288 1051 quasi
1321 961 1779 1029 circumfluens
1832 962 2019 1030 uberi
2058 985 2279 1037 rerum

285 1082 776 1173 amplificatione
817 1134 840 1167 ,
905 1098 1058 1171 apta
1127 1080 1591 1169 exemplorum
1648 1097 1715 1149 et
1767 1080 2282 1151 similitudinum

285 1198 495 1289 eopia,
535 1196 748 1267 verbis
785 1196 982 1287 plane
1020 1192 1278 1278 obviis,
1317 1210 1388 1261 ut
1425 1210 1767 1283 propterea
1806 1194 2021 1263 nullus
2082 1194 2283 1265 intel-

285 1317 520 1409 ligendi
555 1316 742 1386 labor
777 1316 866 1384 iis
901 1314 1140 1398 fuerit,
1194 1313 1307 1405 qui
1361 1313 1555 1382 illum
1617 1313 2007 1384 audiebant.
2054 1316 2287 1411 ,Quam

293 1436 520 1525 planae
587 1436 928 1502 enimvero
994 1448 1144 1499 sunt
1209 1450 1271 1501 et
1359 1426 1690 1502 dilucidae
1754 1432 1893 1526 ejus
1956 1434 2287 1505 orationes

297 1553 511 1639 (quas
579 1550 864 1618 libenter
915 1552 1414 1640 commemoro)
1473 1547 1556 1617 de
1608 1547 1753 1616 utili
1796 1565 1862 1615 et
1922 1550 2293 1619 necessaria

307 1670 637 1737 multarum
675 1690 886 1736 rerum
938 1668 1398 1757 perceptione,
1439 1668 1522 1737 de
1580 1666 1818 1737 litteris
1859 1690 1935 1735 ac
1995 1665 2291 1737 scientiis

291 1802 502 1855 mutua
538 1810 656 1877 ope
688 1803 756 1855 et
795 1786 1042 1856 auxilio
1081 1786 1533 1878 indigentibus
1589 1842 1610 1873 ,
1678 1786 1759 1857 de
1812 1786 1941 1871 iis,
1992 1810 2165 1877 quae
2215 1784 2289 1857 i'n

280 1902 480 1991 poetis
519 1902 840 1971 laudanda
880 1919 1074 1987 sunt,
1103 1902 1210 1973 vel
1250 1902 1719 1991 vituperanda,
1754 1902 1835 1971 de
1874 1900 2288 1993 politioribus

289 2015 525 2084 artibus
553 2069 573 2101 ,
609 2040 777 2107 quae
817 2016 902 2085 ad
939 2016 1234 2084 hominis
1273 2015 1660 2085 felicitatem
1725 2015 2079 2107 plurimum
2142 2040 2295 2085 con-

279 2129 528 2200 ferunt!
570 2132 833 2202 Clarius
889 2156 974 2202 ne
1017 2148 1274 2221 poterat
1333 2149 1401 2201 et
1453 2136 1738 2223 apertius
1794 2132 2088 2217 ostendi,
2141 2132 2289 2223 quis

275 2246 428 2313 ordo
469 2244 990 2313 adolescentibus
1029 2244 1347 2313 tenendus
1387 2246 1475 2315 sit
1511 2246 1583 2315 in
1621 2246 1913 2316 scientiis
1953 2245 2293 2317 addiscen-

285 2358 436 2426 dis?
472 2356 732 2444 Quibus
769 2357 852 2442 de
889 2358 1099 2425 causis
1167 2358 1581 2449 eloquentiae
1628 2360 1728 2429 vis
1779 2379 2224 2451 corrumpatur
2261 2363 2291 2430 ἓ

285 2470 420 2539 Cur
455 2469 628 2538 intra
661 2468 820 2538 fines
860 2467 1240 2562 disciplinae
1265 2470 1397 2542 sibi
1435 2473 1807 2566 propositae
1827 2473 2065 2544 debeat
2098 2499 2289 2544 unus-

279 2583 552 2672 quisque
592 2605 664 2652 se
701 2581 1098 2653 continere?
1131 2585 1368 2675 Neque
1409 2607 1558 2652 vero
1590 2609 1703 2653 vos
1742 2585 2015 2652 arbitror
2052 2587 2293 2654 oblitos

271 2719 451 2781 esse,
491 2721 620 2787 qua
657 2697 990 2766 evidentia
1030 2698 1322 2766 docuerit
1357 2699 1681 2790 optimam
1720 2697 2159 2764 instituendae
2198 2699 2293 2790 ju-⁸

273 2818 562 2885 ventutis
600 2817 920 2886 rationem
959 2817 1158 2886 sitam
1198 2842 1342 2887 esse
1381 2818 1451 2888 in
1491 2835 1645 2908 apta
1694 2815 1993 2888 omnium
2050 2814 2293 2886 mentis

267 2929 656 3004 facultatum
693 2935 1060 3005 eruditione
1097 2953 1292 3028 atque
1350 2936 1639 3023 cultura,
1696 2934 2022 3028 poeticam
2075 2935 2296 3006 artem⁴

273 3051 617 3144 ingenium
657 3075 916 3122 summe
955 3055 1288 3123 excultum
1360 3079 1436 3124 ac
1475 3056 1867 3147 perpolitum
1910 3054 2233 3146 requirere
2270 3083 2295 3143 3

275 3169 548 3238 oratoris
621 3193 766 3240 esse
814 3170 1068 3241 efficere
1107 3224 1132 3258 ,
1187 3189 1262 3240 ut
1323 3194 1424 3242 res
1480 3172 1550 3240 in
1605 3175 1859 3266 sensus'
1892 3195 2113 3241 eorum
2182 3173 2296 3262 qui

277 3283 552 3352 audiunt
587 3309 786 3376 quarn
813 3285 1104 3354 maxime
1141 3285 1458 3372 influant,
1499 3303 1567 3354 et
1602 3287 1999 3372 illabantur3
2056 3287 2293 3357 huma-

273 3399 464 3471 niora
504 3402 718 3472 studia
760 3405 846 3473 ad
883 3405 1177 3496 graviora
1217 3405 1344 3474 iter
1371 3391 1749 3496 *patefacere
1803 3419 1895 3472 et·
1924 3404 2097 3474 viam
2135 3403 2289 3476 faci-

273 3519 408 3592 lius
449 3521 801 3610 explanare
835 3575 851 3590 .
889 3521 1022 3594 Sed
1060 3525 1356 3593 omnium
1391 3523 1661 3592 laudum
1702 3523 1961 3592 suarum
2002 3524 2294 3594 maxima

283 3650 350 3702 et
386 3637 954 3725 praestantissima
1004 3654 1107 3706 est
1169 3637 1515 3728 eloquendi
1583 3637 1974 3728 simplicitas
2009 3690 2031 3721 ‚
2094 3661 2337 3726 quam·

284 3749 528 3818 eximia
566 3773 898 3842 quamque
934 3750 1263 3842 jucunda!
1309 3751 1510 3845 Cujus
1543 3753 1723 3820 enim
1794 3775 1920 3818 non
1988 3749 2297 3838 implevit

285 3881 462 3928 aures
498 3862 616 3933 illa
657 3887 787 3933 vox
808 3916 830 3948 ,
863 3863 1234 3955 incorrupta
1257 3866 1433 3934 Latii
1471 3864 1796 3934 imitatrix
1816 3897 1837 3949 ,·
1858 3864 1974 3933 ille
2005 3863 2293 3931 delectus

267 3975 532 4070 elegans
569 3981 980 4074 optimorum
1017 3983 1360 4064 verborum
1397 4005 1500 4053 res
1539 3982 1804 4076 proprie
1840 3996 2121 4071 apteque
2160 3977 2295 4064 de·⁸
