3125 4975
787 341 918 417 ¹9²
1724 325 1892 390 vrm

766 479 908 532 tera
943 458 1245 554 ejusdem
1288 448 1647 522 historiae.
1694 447 1890 517 Nova
1924 446 2089 517 haec
2126 445 2347 516 oblata
2392 445 2525 551 ipsi
2564 465 2667 520 est
2704 477 2809 526 oe.

761 578 939 650 easio
977 569 1292 667 prodendi
1329 566 1432 636 sui
1457 616 1474 634 .
1513 567 1607 634 At
1644 560 1765 634 ubi
1800 562 2105 652 prodiere
2152 585 2515 660 responsa,
2548 567 2807 640 theolo-

773 719 890 786 gus
935 693 1132 760 finem
1170 682 1436 754 vivendi
1475 679 1722 750 feeerat
1742 731 1759 750 .

855 807 1269 874 Renovarunt
1305 811 1536 885 postea
1572 791 1824 864 bellum
1862 790 2244 883 Lipsienses
2267 844 2282 862 .
2317 796 2573 870 Horum
2616 823 2805 870 accu-

763 915 1048 986 sationes
1085 908 1412 979 habentur
1443 906 1512 974 in
1551 905 2031 994 supplementis
2072 904 2157 974 ad
2194 906 2388 976 Nova
2417 909 2593 981 Acta
2640 915 2799 982 Eru-

764 1033 1052 1102 ditorum
1088 1051 1239 1098 ann.
1287 1023 1480 1118 ‘²737
1533 1022 1803 1112 Lipsiae
1860 1021 2060 1092 editis
2112 1025 2305 1098 Tum.
2346 1026 2414 1094 ΙΙ
2452 1043 2609 1095 sect.
2650 1050 2695 1122 9
2734 1047 2803 1100 et

767 1167 876 1220 12.
915 1139 1220 1232 Singulas
1257 1135 1486 1228 paneis
1531 1135 1809 1226 quidem
1832 1185 1852 1218 ,
1880 1135 1997 1202 sed
2035 1157 2295 1225 prorsus
2324 1139 2653 1210 Antonius
2692 1141 2799 1210 di-

760 1265 925 1348 luit,
961 1236 1290 1348 integram
1327 1256 1398 1322 in
1437 1248 1793 1321 referendis
1842 1266 1911 1319 et
1947 1253 2363 1341 explicandis
2394 1255 2531 1326 suis
2579 1257 2796 1328 verbis

761 1374 1100 1468 requirens
1135 1370 1210 1438 in
1247 1361 1731 1438 accusatoribus
1760 1362 1966 1434 ‘fidem
1990 1414 2009 1434 .
2049 1367 2235 1452 Quae
2272 1363 2381 1432 his
2419 1371 2793 1458 respond-it,

765 1511 1104 1583 tamquam
1128 1485 1520 1571 mantissam
1541 1479 2457 1569 historicis-disputationibus
2486 1484 2753 1578 subjicit
2774 1539 2793 1558 .

853 1605 1181 1678 Tamdem
1218 1597 1721 1688 Christophorus
1762 1596 2139 1668 Guilelmus
2184 1599 2566 1670 Franciscus
2608 1602 2795 1672 Wal-

743 1720 952 1792 chius
986 1721 1194 1792 Jenae
1230 1709 1560 1784 Professor
1598 1708 1862 1798 scripsit
1898 1727 2123 1778 contra
2162 1711 2681 1800 disputationem
2720 1715 2799 1785 il-

765 1834 901 1903 lius
933 1829 1319 1921 vigesimam
1357 1825 1441 1894 de
1478 1822 1949 1893 constitutione
1983 1821 2300 1896 Ludovici
2340 1825 2441 1894 Pii
2468 1827 2549 1894 ad
2580 1826 2647 1895 S.
2684 1829 2803 1898 Pa.

769 1945 1070 2016 sebalem
1109 1947 1166 2014 Ι.
1204 1945 1518 2032 Quaeque
1566 1938 1955 2029 scripserat,
1992 1937 2239 2028 publici
2281 1938 2445 2031 juris
2496 1938 2653 2008 fecit
2689 1965 2807 2032 per

771 2055 964 2153 typos
1011 2060 1276 2150 Lipsiae
1315 2081 1464 2127 ann.
1513 2057 1705 2148 1749.
1752 2057 1929 2124 Tum
1965 2055 2207 2124 librum
2250 2055 2437 2124 misit
2470 2081 2619 2126 cum
2664 2059 2801 2148 epi.

767 2179 936 2250 stola
976 2178 1062 2248 ad
1099 2175 1510 2264 sandinum,
1557 2175 1867 2246 eumdem
1907 2173 2383 2266 benignissime
2428 2173 2513 2244 ad
2539 2199 2799 2267 respon-

771 2295 1062 2372 dendum
1090 2293 1516 2380 alliciens‚se
1536 2292 2031 2384 paratissimum
2071 2287 2207 2364 fore
2248 2289 2577 2366 affirmans
2598 2317 2802 2384 quae-

768 2413 938 2485 libet
991 2429 1340 2485 retractare
1372 2467 1395 2500 ,
1447 2415 1506 2487 si
1561 2435 1849 2484 errorem
1910 2428 2173 2484 nosset.
2222 2412 2348 2481 Cui
2390 2435 2533 2482 -non
2589 2417 2802 2506 potuit

771 2533 1164 2627 respondere
1201 2533 1528 2632 Sandinus
1567 2530 1915 2623 repentina
1967 2546 2177 2599 morte
2233 2545 2615 2619 praereptus
2648 2584 2671 2619 ‚
2717 2532 2804 2603 de

767 2669 896 2743 qua
953 2646 1210 2733 dicam,
1247 2670 1398 2719 oum
1437 2646 1619 2734 prius
1658 2642 1741 2711 de
1778 2640 1919 2733 ejus
1956 2639 2249 2709 moribus
2288 2649 2493 2726 pauc'a
2532 2640 2801 2714 dixero.

863 2767 1016 2836 Fuit
1052 2767 1278 2853 itaque
1317 2777 1625 2851 acceptus
1660 2756 2009 2838 omnibus,
2048 2755 2363 2847 quamdiu
2400 2756 2607 2843 vixit,
2654 2784 2803 2829 ean-

767 2876 962 2946 didae
993 2877 1168 2943 vitae
1194 2872 1390 2939 laude
1417 2886 1488 2958 et
1517 2870 1843 2957 ingenuae
1862 2918 1877 2933 .
1904 2867 2195 2937 Minime
2224 2870 2541 2958 pecuniae
2566 2872 2799 2942 avidus

765 3002 836 3059 et
879 2982 1182 3067 honeris,
1220 2978 1530 3068 loquendi
1570 2999 1841 3069 parcus,
1878 2976 2185 3048 audiendi
2216 2979 2582 3067 studiosus,
2621 2982 2802 3054 unde

770 3094 1020 3185 aliquid
1053 3106 1272 3184 posset
1307 3089 1560 3163 discere
1584 3144 1603 3175 ,
1632 3088 2079 3161 consideratus
2110 3090 2177 3159 in
2204 3092 2512 3163 omnibus
2540 3108 2609 3165 et
2642 3119 2802 3186 pru..

771 3206 970 3291 dens,
1009 3205 1300 3279 maxime
1337 3224 1488 3273 vero
1527 3200 1813 3293 diligens
1852 3202 1921 3277 in
1952 3202 2309 3295 implendis
2346 3203 2620 3297 singulis
2656 3231 2803 3299 pas-

767 3317 946 3389 tibus
979 3317 1178 3409 officii
1221 3317 1365 3391 sui.

863 3420 1219 3541 seminarii
1256 3436 1701 3513 bibliothecae
1734 3435 2101 3528 praefectus
2128 3438 2432 3511 eamdem
2472 3438 2654 3513 auxit
2682 3442 2806 3511 uti-

763 3556 1056 3637 lissimis
1113 3554 1342 3642 libris,
1387 3557 1474 3628 iis
1529 3558 1955 3648 praesertim,
1996 3558 2107 3649 qui
2156 3560 2241 3630 ad
2286 3560 2801 3633 ecelesiasticam

774 3672 1122 3749 historiam
1177 3674 1509 3763 pertinent
1546 3725 1562 3744 .
1637 3677 1719 3745 In
1790 3697 1868 3745 ea
1923 3674 2259 3764 perstabat
2327 3676 2800 3767 propemodum

777 3802 946 3860 totos
1000 3786 1181 3874 dies,
1227 3784 1576 3881 cujuslibet
1619 3788 2023 3857 incommodi
2079 3791 2265 3880 quasi
2301 3790 2542 3861 oblitus
2566 3842 2583 3859 .
2642 3792 2799 3865 Non

771 3900 1235 3979 deambulandi
1275 3902 1612 3999 voluptas,
1632 3929 1763 3980 non
1800 3907 2321 4001 spectaculorum
2356 3906 2614 3983 novitas
2644 3924 2789 3999 pot·-⁸
