3125 4975
2138 316 2335 375 xxvn

301 438 508 529 magis
547 433 908 519 sollicitus,
947 454 1148 524 quam
1197 428 1280 501 de
1319 430 1585 501 illorum
1640 426 1816 501 bono
1868 444 1939 501 et
1997 432 2343 509 incolumi·

300 576 468 628 tate.
509 559 699 647 Quae
739 552 1016 646 quidem
1055 550 1282 621 omnia
1321 574 1583 621 summa
1620 546 1886 637 fuerunt
1922 551 1995 621 in
2053 552 2179 624 hoc
2234 558 2341 627 vi.

298 695 368 741 ro
395 723 418 756 ‚
457 670 888 759 maximeque
929 664 1332 757 praestantia
1353 716 1370 732 .
1410 665 1488 733 In
1527 686 1607 733 eo
1646 664 1827 735 enim
1866 665 1967 735 vis
2004 682 2073 735 et
2127 669 2337 739 soler-

295 784 390 853 tia
437 785 685 855 mentis
750 780 942 849 valde
1003 794 1350 869 promptae
1399 806 1422 865 3
1481 797 1747 867 semper
1785 779 2085 850 adhibita
2120 783 2331 853 latine

293 898 627 970 scribendi
671 894 1070 966 consuetudo
1125 909 1322 983 atque
1361 891 1785 981 exercitatio3
1814 895 2093 985 insignis
2118 898 2335 987 pietas

291 1034 362 1087 et
399 1016 750 1107 splendide
797 1014 976 1083 culta
1046 1010 1130 1079 ad
1191 1010 1575 1099 exemplum
1614 1038 1635 1098 3
1696 1010 2057 1082 moderatio
2122 1014 2333 1085 animi

294 1145 514 1214 tanta,
556 1144 629 1199 ut
667 1129 898 1197 laudes
938 1148 1090 1194 suas
1131 1144 1262 1191 non
1307 1124 1534 1213 aequis
1575 1124 1845 1197 auribus.
1895 1128 2153 1197 audiret
2186 1181 2207 1214 ,
2262 1142 2335 1199 et

291 1263 502 1333 prope
587 1244 832 1332 pudore
895 1240 1186 1329 quodam
1259 1236 1598 1326 exciperet
1630 1264 1653 1325 3
1714 1254 1901 1309 tanta-
1962 1241 2203 1311 caritas
2258 1242 2333 1311 in

293 1384 576 1447 omnes,
615 1378 690 1429 ut
727 1359 901 1427 nihil
947 1379 1260 1445 umquam
1297 1355 1380 1424 ab
1423 1378 1501 1423 eo
1549 1356 1801 1427 dictum
1857 1357 2053 1429 fuerit
2083 1413 2104 1444 ,
2158 1359 2336 1451 quod

303 1480 504 1549 alteri
545 1480 858 1563 obesset3
897 1476 1066 1543 mira
1105 1474 1406 1543 sedulitas
1445 1490 1516 1543 et
1552 1472 1899 1565 vigilantia
1926 1478 1997 1545 in
2034 1494 2339 1568 suscepta

303 1591 770 1689 procuratione
802 1588 1208 1675 studiorum3
1249 1612 1432 1656 amor
1469 1603 1538 1655 et
1595 1587 2056 1659 benevolentia
2110 1590 2337 1682 singu-

300 1713 462 1783 laris
497 1712 566 1777 in
609 1710 942 1792 alumnos,
981 1724 1324 1798 tamquam
1353 1705 1639 1783 ,clientes
1677 1707 1809 1777 sibi
1869 1710 2281 1779 concreditos
2308 1762 2333 1798 ,

292 1824 533 1915 quibus
573 1844 930 1911 numquam
973 1821 1204 1890 deerat
1241 1820 1564 1890 hortando
1598 1874 1619 1907 ,
1659 1822 1992 1893 suadendo
2021 1877 2042 1909 ‚
2092 1848 2335 1916 urgen-

289 1937 424 2025 do3
461 1936 718 2027 antiqui
755 1936 962 2003 moris
999 1950 1068 2003 et
1105 1934 1364 2024 patriae
1402 1932 1797 2024 disciplinae
1862 1937 2159 2006 custodia
2229 1960 2329 2007 se-

291 2051 681 2133 verissima,
719 2048 1054 2119 conversis
1091 2048 1268 2116 curis
1304 2046 1618 2117 omnibus
1656 2049 1759 2163 ad.
1779 2049 1909 2119 loci
1954 2048 2149 2185 hujus
2206 2050 2335 2120 uti-

289 2168 554 2238 litatem
593 2182 790 2257 atque
827 2167 1034 2235 etiam
1077 2164 1528 2255 dignitatem.

377 2290 486 2357 Ex
520 2286 632 2355 bis
667 2286 922 2355 duobus
959 2284 1149 2376 quasi
1217 2282 1554 2370 fontibus,
1610 2285 1879 2378 ingenio
1933 2285 2191 2358 scilicet
2260 2304 2331 2360 et

308 2402 588 2489 virtute,
644 2416 879 2493 sponte
915 2400 1272 2492 profluebat
1319 2418 1388 2471 et
1433 2400 1767 2473 uberrime
1819 2403 2136 2475 manabat
2200 2428 2331 2475 ser·

299 2543 413 2591 mo
451 2523 570 2591 ille
607 2521 962 2612 ingenuus,
1003 2543 1200 2612 quem
1253 2523 1627 2615 integrum,
1689 2520 1959 2591 facilem
1987 2576 2008 2608 ,
2066 2525 2328 2614 perspi-

292 2663 524 2727 cuum,
561 2641 939 2732 simplicem
971 2641 1236 2733 appello
1259 2690 1281 2728 ,
1321 2666 1452 2733 quo
1489 2641 1635 2732 ipse
1676 2640 1933 2708 solebat
1978 2641 2347 2730 quotannis.

281 2759 554 2851 publice
589 2751 828 2830 studiis
867 2761 1116 2830 nostris
1154 2761 1499 2852 proludere
1521 2814 1541 2844 ‚
1581 2775 1651 2830 et
1687 2756 1773 2829 ad
1814 2779 2108 2828 amorem
2142 2757 2329 2826 litte-

287 2887 510 2944 rai-um
541 2873 856 2969 juvenum
895 2873 1155 2945 animos
1177 2875 1601 2950 vehementer
1624 2873 2071 2943 inflammare.
2106 2874 2331 2963 Quan-

283 3003 357 3058 ta
421 2988 495 3057 in
558 2987 796 3080 primis
857 2987 998 3082 ejus
1053 2987 1378 3058 sermonis
1431 2986 1826 3080 integritas,
1890 3009 2061 3079 quae
2110 2985 2329 3077 prima

281 3099 430 3171 laus
465 3116 572 3170 est
637 3125 716 3170 ac
779 3100 989 3170 virtus
1057 3102 1384 3192 ingenuae
1439 3100 1827 3172 facundiae!
1872 3103 1969 3171 Ut
2026 3102 2207 3170 enim
2244 3121 2325 3170 ea

285 3216 817 3308 praetermittam
847 3270 868 3303 ,
901 3239 1072 3308 quae
1115 3233 1376 3289 tantum
1416 3219 1720 3310 scripsit,
1759 3243 1891 3287 non
1929 3217 2192 3310 publice
2228 3240 2326 3288 re-

279 3327 561 3415 citavit,
591 3332 834 3400 latinas
893 3331 1222 3402 orationes
1259 3383 1282 3420 ,
1355 3333 1596 3424 quibus
1668 3348 1979 3423 augustae
2017 3332 2321 3424 Virginis

277 3443 418 3516 Dei
487 3444 716 3517 matris
783 3445 1179 3538 dignitatem
1207 3473 1214 3480 ·
1239 3447 1504 3517 extollit
1555 3499 1578 3535 ,
1648 3463 1718 3517 et
1774 3445 1962 3515 illam
2024 3445 2109 3516 de
2162 3444 2319 3515 divo

277 3555 546 3629 Joanue
581 3557 878 3650 Baptista
899 3559 1128 3654 ‚cujus
1166 3561 1434 3632 nomine
1475 3576 1740 3632 ornatus
1778 3557 2070 3630 moribus
2108 3557 2319 3628 etiam

277 3671 537 3742 studuit
581 3673 887 3744 exornari
903 3701 928 3763 5
967 3673 1134 3744 alias
1171 3673 1242 3742 in
1279 3674 1544 3746 laudem
1584 3672 1825 3745 effusas
1864 3672 1987 3744 viri
2024 3673 2319 3762 integer..

171 3841 183 3850 -
273 3787 436 3862 timi
487 3812 566 3859 ac
611 3787 928 3860 caelestis
986 3788 1128 3861 divi
1179 3789 1475 3883 Philippi
1515 3790 1707 3862 Nerii
1726 3842 1748 3877 ,
1787 3775 1947 3881 quas
1982 3787 2163 3858 haud
2210 3785 2317 3859 fa.

267 3904 406 3980 tile
439 3906 734 3981 dixerim
751 3959 778 3998 ,
811 3929 974 3978 num
1009 3905 1224 4002 magis
1259 3907 1512 4000 ingenii
1548 3906 1653 3978 vis
1675 3957 1701 3996 ‚
1759 3929 1843 3978 an
1898 3901 2193 3977 caritatis
2244 3917 2321 3976 et
