3125 4975
843 308 938 379 ΕΟ
1720 306 1889 356 vim

769 431 1026 521 posita.
1074 429 1200 498 Ille
1240 446 1560 502 astrorum
1600 429 1811 502 varios
1852 427 2139 528 notabat·
2162 431 2511 523 adspectus
2546 450 2617 506 et
2652 454 2819 508 cur...

775 572 928 632 sus,
991 546 1401 636 planetarum
1461 545 1673 626 situs,
1733 526 2097 616 dissimiies
2158 543 2545 616 affectiones
2600 551 2816 636 eolis,

774 662 1070 732 maxime
1129 685 1278 729 vero
1333 659 1737 748 multiplices
1796 657 1992 728 lunae
2046 659 2267 745 vices3
2324 684 2625 754 quaeque
2660 675 2807 735 tum

779 777 1042 868 fierent,
1097 772 1489 843 observabat
1541 772 2077 859 accuratissime3
2138 773 2539 864 reciprocum
2603 779 2811 848 maris

783 912 1079 978 aestum,
1119 891 1376 982 frigoris
1417 907 1484 962 ct
1523 891 1757 961 caloris
1796 891 2073 981 gradus»,
2112 893 2418 979 nebulae,
2458 897 2813 987 caligines,

733 1045 741 1054 ’
777 1017 964 1085 nives
991 1065 1010 1096 ,
1059 1013 1244 1103 gelu,
1305 1012 1599 1099 pluviae,
1660 1028 1925 1096 ventos,
1968 1013 2319 1108 procellas,
2362 1031 2429 1082 et
2466 1039 2635 1104 quae
2673 1040 2813 1085 non

783 1147 1032 1202 temero
1071 1125 1305 1200 deduci
1349 1141 1617 1214 possent
1654 1145 1738 1196 ex
1778 1126 1923 1211 his,
1976 1141 2113 1198 tum
2162 1150 2247 1199 ex
2294 1126 2525 1196 diurno
2573 1145 2641 1196 et
2684 1153 2813 1198 an·-

783 1269 916 1317 nuo
957 1243 1208 1314 telluris
1249 1256 1462 1322 motu,
1487 1261 1573 1309 ex
1614 1239 1885 1328 physica
1928 1239 2121 1310 lunae
2158 1241 2219 1308 vi
2244 1265 2373 1324 ‚ex
2410 1240 2817 1310 animalibus
2872 1315 2888 1325 ,

787 1383 866 1425 ac
907 1357 1184 1446 plantis,
1223 1370 1289 1422 ct
1327 1353 1476 1424 aliis
1515 1353 1819 1472 piurimis
1843 1405 1857 1424 .
1898 1355 2075 1426 Illud
2110 1354 2289 1424 enim
2332 1378 2447 1446 pro
2482 1373 2659 1424 certo
2697 1356 2821 1424 ha-

785 1475 990 1546 bebat
1015 1526 1036 1558 ,
1075 1495 1524 1572 quaecumque
1579 1487 1772 1558 sunt,
1812 1488 1885 1544 ut
1932 1489 2157 1572 mutuo
2213 1473 2386 1544 iuter
2430 1496 2503 1560 se
2550 1472 2815 1542 vinculo

791 1591 1244 1672 continentur,
1282 1589 1377 1660 ita
1416 1612 1486 1658 se
1525 1587 1767 1676 pariter
1806 1603 2031 1658 mutuo
2068 1584 2363 1658 afficere.
2606 1673 2610 1677 Ι

891 1712 1124 1803 Neque
1163 1733 1277 1782 sua
1319 1723 1573 1783 tantum
1614 1708 2115 1796 investigatione
2156 1720 2497 1804 contentus
2530 1703 2811 1778 aliorum

793 1829 998 1900 ctiam
1039 1851 1188 1898 usus
1229 1842 1332 1892 est
1370 1826 1814 1913 experientia.
1851 1825 2098 1916 ‘Sedulo
2146 1825 2369 1916 itaque
2408 1824 2817 1895 examinavit

795 1943 1282 2018 observationes
1337 1940 1498 2010 olim
1559 1964 1597 2010 a
1650 1941 1893 2010 Poleno
1948 1937 2315 2010 matheseos
2368 1937 2439 2006 in
2506 1940 2819 2030 patavina

799 2023 1162 2132 Academia
1221 2051 1651 2124 celeberrimo
1712 2047 2075 2142 professore
2131 2051 2498 2134 institutas,
2558 2067 2627 2120 et
2662 2075 2827 2140 qua-

797 2173 1098 2261 draginta
1138 2193 1454 2240 annorum
1494 2171 1707 2260 spatio
1738 2170 1821 2238 ab
1853 2169 1998 2262 ipso
2036 2171 2358 2260 primum,
2384 2183 2533 2260 post
2564 2167 2649 2237 ab
2676 2169 2823 2262 ejus

795 2288 932 2362 filio
971 2287 1376 2362 continuatas
1397 2340 1416 2372 ,
1455 2303 1522 2356 et
1561 2289 1725 2356 alias
1766 2288 2021 2358 Patavii
2063 2287 2333 2378 quidem
2374 2311 2413 2355 a
2450 2288 2819 2378 Morgagno

799 2423 935 2478 tota
987 2410 1246 2499 Europa
1307 2407 1715 2494 clarissim0‚
1753 2406 2059 2478 Venetiis
2112 2424 2329 2476 autem
2370 2405 2569 2477 initas
2609 2433 2645 2476 a
2684 2409 2824 2476 Te-

801 2527 1088 2611 mantia‚
1122 2528 1279 2599 clari
1322 2526 1611 2597 nominis
1650 2526 2005 2597 architecto
2020 2552 2040 2612 3
2070 2525 2189 2594 has
2232 2550 2463 2595 omnes
2504 2551 2648 2595 cum
2684 2526 2833 2597 suis

802 2641 1214 2731 composuit,
1257 2656 1323 2707 et
1363 2638 1676 2728 expondit
1716 2638 2237 2728 exquisitissima
2278 2640 2657 2731 diligentia.

898 2762 1152 2829 Verum
1195 2782 1342 2825 curn
1403 2756 1777 2853 hujusmodi
1836 2756 2327 2827 observationes
2366 2758 2447 2827 ad
2496 2757 2657 2831 hano
2700 2780 2840 2825 no-

801 2892 1008 2945 stram
1047 2876 1378 2964 regionem
1421 2878 1872 2943 tantummodo
1912 2877 2362 2965 pertinerent,
2402 2878 2509 2947 hia
2546 2876 2789 2971 adjecit
2815 2930 2839 2963 ,

805 3014 966 3083 quas
1005 2990 1148 3080 ipse
1186 2992 1253 3059 iu
1297 2990 1696 3063 medicorum
1755 2986 1944 3062 libris
2000 3012 2382 3084 repererat,
2416 3020 2579 3087 quas
2618 3021 2653 3065 a
2692 2996 2835 3063 via-

803 3102 1054 3174 toribus
1095 3102 1312 3173 referri
1357 3122 1662 3191 noverat,
1688 3130 1848 3197 quas
1888 3108 2137 3196 passim
2190 3111 2540 3204 collegerat
2577 3132 2657 3179 ex
2693 3132 2841 3180 eru·

809 3218 968 3295 ditis
1008 3223 1528 3297 academicorum
1570 3226 2041 3316 praestantium
2084 3229 2288 3309 actim
2329 3244 2395 3301 et
2434 3228 2597 3303 alias
2636 3252 2839 3319 quas-

804 3355 1084 3425 cumque
1125 3338 1414 3410 tamdem
1459 3340 1672 3429 potuit
1706 3338 1950 3411 habero
1990 3342 2321 3431 cognitae,
2354 3360 2579 3434 captas
2626 3344 2697 3411 in
2736 3366 2837 3411 re-

803 3452 1197 3526 motissimis
1257 3474 1462 3527 terrae
1520 3460 1731 3550 plagis
1760 3513 1776 3532 .
1836 3462 1911 3528 In
1952 3484 2224 3545 omues,
2268 3484 2495 3529 severo
2532 3460 2845 3531 instituto

807 3564 1148 3649 examine,
1177 3570 1393 3657 coepit
1431 3570 1799 3663 inquirere,
1847 3597 2073 3645 omnes
2112 3574 2291 3643 inter
2326 3598 2398 3643 se
2435 3596 2847 3665 comparare,

813 3682 1194 3755 minutatim
1235 3690 1504 3756 scrutari
1545 3682 1871 3783 singulas,
1906 3708 1973 3760 et
2008 3692 2384 3783 explorare,
2416 3674 2705 3783 quae-ab
2742 3690 2839 3758 iis

811 3813 1267 3889 sequerentur.
1309 3804 1408 3869 Ex
1449 3802 1550 3870 his
1591 3804 1937 3891 omnibus,
1985 3822 2057 3873 ut
2096 3794 2240 3896 ipae
2280 3802 2593 3889 affirmat,
2628 3804 2851 3873 admi.

808 3916 1040 3989 rabilis
1069 3916 1264 4013 plane
1304 3942 1518 3993 rerum
1557 3947 1911 3995 consensus
1937 3924 2231 4012 exstitit,
2259 3924 2853 4020 et‘exepectatione
