3125 4975
2212 325 2349 421 439

541 566 958 632 CAJETANI
999 564 1510 632 COGNOLATI
1552 568 1825 632 OPERA
1862 571 2135 636 EDITA

405 791 568 921 De
605 859 893 942 inaequali
934 857 1296 922 scientiarum
1337 872 1394 920 et
1431 860 1633 920 artium
1688 865 2081 947 progressione
2119 867 2353 948 ejusque

326 964 514 1029 causis
546 1011 560 1026 .
611 963 814 1026 Oratio
865 985 914 1024 1.

407 1073 505 1132 De
547 1071 617 1135 iis
655 1071 1044 1156 voluptatibus
1087 1093 1230 1153 quae
1271 1091 1342 1134 ex
1381 1073 1588 1134 artium
1642 1072 1957 1138 imitatione
2014 1077 2353 1164 gignuntur·

337 1176 546 1238 Oratio
586 1199 644 1237 2.

411 1281 510 1339 De
546 1279 867 1358 eloquentia
891 1323 906 1338 .
951 1277 1158 1339 Oratio
1199 1279 1259 1338 3.

406 1387 505 1447 De
545 1407 611 1446 eo
643 1384 847 1458 mentis
887 1407 1100 1460 sensu,
1139 1405 1308 1465 quem
1349 1398 1573 1466 gustum
1612 1385 1855 1448 dicimus
1878 1433 1893 1450 .
1937 1389 2141 1452 Oratio
2177 1401 2238 1472 4,

409 1490 482 1548 In
525 1489 719 1549 funere
763 1486 1088 1548 Cardinalis
1135 1486 1440 1552 Veronesii
1470 1532 1485 1547 .
1529 1489 1734 1551 Oratio
1773 1491 1853 1556 V.

413 1593 486 1652 In
523 1593 720 1660 funere
762 1589 1090 1651 Car-‹linaiis›
1133 1589 1294 1655 Galli
1325 1637 1338 1652 .
1384 1591 1552 1654 Orat.
1592 1593 1655 1653 6.

416 1701 584 1784 Quae
622 1700 946 1780 adjumenta
983 1713 1040 1760 et
1079 1699 1372 1760 commoda
1393 1745 1412 1774 ‚
1449 1721 1593 1779 quae
1623 1698 2029 1784 impedimenta
2057 1723 2123 1763 ac
2153 1701 2361 1768 damna

334 1811 537 1880 afferat
599 1809 948 1894 imaginandi
987 1809 1226 1870 facultas
1273 1857 1290 1891 ‚
1333 1809 1686 1872 Exercitatio
1726 1807 2081 1882 academica.
2139 1813 2365 1874 Patavii

339 1917 492 1997 typis
532 1913 830 1978 seminarii
873 1935 1006 1990 ann.
1057 1916 1204 1993 1769
1245 1915 1304 1978 in
1347 1917 1402 1976 8.

410 2018 670 2100 Epistola
726 2017 906 2079 latina
973 2015 1050 2078 ad
1091 2015 1454 2078 Leonardum
1496 2017 1789 2098 Targam.
1853 2019 2016 2079 Exst.
2078 2017 2140 2075 iu
2190 2016 2361 2095 hujus

335 2128 667 2194 recensione
706 2147 938 2208 operum
972 2126 1228 2185 Cornelii
1271 2125 1430 2186 Celsi
1468 2125 1609 2184 edit.
1648 2126 1950 2188 seminarii
1990 2139 2182 2206 patav.
2226 2147 2364 2194 ann,

347 2230 496 2307 1769
541 2248 670 2308 pag.
714 2227 848 2302 542.
880 2273 900 2300 ,
943 2243 1002 2287 et
1041 2229 1104 2288 in
1141 2228 1282 2288 edit.
1323 2249 1518 2296 veron,
1568 2250 1701 2288 ann.
1748 2231 1896 2288 1810
1937 2250 2064 2306 pag.
2108 2231 2243 2303 484.

417 2335 702 2396 Praefatio
745 2335 806 2392 in
861 2333 1120 2396 Lexicon
1169 2336 1342 2396 totius
1381 2337 1687 2396 latinitatis
1742 2349 1800 2396 et
1848 2335 2089 2414 epistola
2128 2333 2205 2393 ad
2254 2353 2365 2396 em.

342 2439 712 2503 cardinalem
751 2439 1001 2512 Priolum
1041 2440 1368 2523 episcopum
1420 2441 1755 2523 patavinum
1808 2439 1947 2504 odit.
1990 2463 2123 2505 ann.
2190 2463 2363 2524 ¹77¹·

339 2562 397 2613 et
439 2548 512 2608 ab
550 2562 778 2611 auctore
822 2548 1094 2629 castigata
1131 2548 1190 2607 in
1228 2547 1366 2608 edit.
1413 2570 1544 2607 ann.
1596 2545 1765 2611 1805.

425 2652 708 2719 Praefatio
748 2658 811 2724 iu
853 2679 992 2741 opus
1033 2672 1356 2740 postumum
1389 2656 1718 2717 cardinalis
1766 2653 2107 2717 Veronesii:
2148 2657 2365 2717 Dene-

342 2768 602 2827 cessaria
646 2766 938 2823 Fidelium
977 2766 1362 2823 communione
1398 2760 1526 2823 cun'z
1563 2765 1885 2843 apostolica
1919 2761 2116 2823 Sede.
2145 2762 2371 2826 Brixiae

347 2872 502 2953 typis
541 2870 808 2931 Danielis
849 2868 1144 2929 Berlendis
1187 2891 1316 2929 ann.
1370 2872 1514 2949 1783
1555 2869 1617 2928 iu
1653 2876 1709 2945 4.

425 2978 692 3059 Epistola
750 2976 826 3039 ad.
882 2978 1159 3039 Joannem
1221 2978 1625 3057 Hieronymum
1675 2972 2066 3036 Gradonicum
2119 2972 2375 3059 archiep·

347 3080 696 3146 utinensem.
739 3082 958 3140 Patavii
1000 3082 1148 3162 typis
1189 3081 1488 3139 seminarii
1529 3102 1662 3139 ann.
1712 3080 1859 3158 1786
1912 3077 1974 3134 in
2014 3082 2072 3151 4.

430 3182 638 3259 Saggio
677 3179 738 3239 di
777 3182 1039 3242 memorie
1076 3181 1228 3241 della
1271 3197 1416 3241 terra
1459 3180 1516 3239 di
1580 3180 1933 3251 Monselice‚
1978 3176 2039 3237 di
2077 3198 2177 3238 sue
2220 3189 2369 3237 sette

351 3282 576 3359 chiese,
618 3283 716 3349 del
753 3285 1054 3349 Santuario
1088 3286 1150 3347 in
1201 3308 1326 3361 esse
1369 3286 1761 3361 ultimamente
1807 3297 2005 3377 aperto
2024 3326 2039 3355 ,
2090 3283 2181 3345 Ivi
2232 3302 2373 3353 ann,

367 3393 519 3473 {794
555 3386 617 3455 in
648 3398 706 3479 4.
1107 3398 1114 3403 “
