3125 4975
785 298 926 380 226
1702 313 1870 374 vri-A

789 447 990 517 vertit
1026 471 1108 518 ex
1145 447 1418 540 gallica,
1463 446 1681 516 studio
1738 443 2119 534 religionis,
2186 445 2256 514 in
2294 457 2491 534 quam
2542 463 2821 538 properi:

783 589 932 632 sum
969 589 1040 632 se
1075 563 1372 650 ‘ostendit
1407 577 1476 631 et
1517 563 1653 630 suis
1696 561 2133 631 carminibus.
2170 560 2279 632 Ob
2316 563 2619 632 eamdem
2660 587 2817 632 cau-

747 659 754 666 ·
785 702 926 746 sam
948 692 1164 742 sacras
1199 675 1402 742 etiam
1435 671 1777 763 scripsisse
1816 675 2056 744 dicitur
2092 671 2451 762 orationes,
2474 700 2642 768 quae
2673 676 2816 748 cul-

779 797 864 862 tis
919 793 990 859 in
1037 791 1202 860 locis
1247 785 1458 863 multa
1505 817 1673 864 cum
1712 785 1905 864 laude
1945 801 2264 884 exceptae
2288 835 2307 862 ι
2346 797 2507 864 Erat
2543 794 2710 886 illi(
2742 805 2815 864 ut‘

767 911 988 1004 ajebat
1027 911 1222 1002 ipse)
1254 903 1361 982 vel
1399 913 1625 1003 ampla
1664 900 1985 1016 eruditio,
2025 913 2267 1000 nihili,-
2310 905 2373 984 si
2406 937 2445 982 a
2484 913 2819 1004 probitate·

774 1025 1142 1118 disjuncta3
1183 1023 1475 1115 probitas
1514 1050 1665 1096 vero
1699 1027 1775 1096 in
1812 1025 2065 1116 pretio,
2105 1015 2211 1096 vel
2248 1041 2483 1117 expers
2529 1024 2808 1097 litteris.

775 1140 930 1207 Fuit
971 1155 1164 1229 porro
1199 1137 1341 1232 ejus
1380 1138 1518 1207 vita
1551 1161 1702 1209 cum
1740 1138 2035 1208 oratione
2072 1140 2528 1208 consentiens.

867 1245 1312 1328 Seminarium
1339 1257 1597 1347 optime
1628 1259 1853 1326 florere
1884 1244 2229 1347 cupiebat,
2255 1255 2643 1348 praesertim
2682 1281 2815 1326 mo-

775 1367 996 1461 ιὶὶιιιε,
1033 1376 1306 1471 ejusque
1342 1367 1543 1446 decus
1582 1395 1845 1468 semper
1878 1364 1951 1445 in
1988 1374 2205 1469 majus
2244 1366 2548 1468 provehis
2587 1373 2814 1466 Ipsum

776 1507 910 1556 non
952 1513 1095 1559 raro
1131 1487 1399 1574 adibat,
1439 1487 1790 1580 praecipue
1830 1477 2351 1572 bibliothecam,
2378 1506 2449 1558 et
2476 1486 2811 1558 litterariis

777 1591 1390 1686 exercitationibus,
1429 1623 1597 1691 quae·
1637 1603 1705 1668 in
1746 1623 1823 1668 eo·
1864 1599 2128 1688 publice·
2158 1601 2391 1670 haberi
2426 1601 2683 1685 solent5
2718 1602 2817 1669 in·-

782 1735 1063 1805 tererat,
1103 1720 1322 1788 eidem
1361 1710 1657 1786 maxime
1695 1714 2036 1786 addictusa
2524 1727 2532 1735 '

865 1837 1038 1900 Usus
1085 1819 1295 1899 fuerat
1330 1845 1643 1919 prospera
1688 1827 2065 1896 valetudine
2112 1843 2318 1917 usque·
2357 1815 2443 1898 ad
2498 1829 2808 1901 ultimum

773 1947 950 2014 vitae
999 1951 1300 2032 tempus,
1351 1963 1504 2009 cum
1559 1931 1920 2028 derepente
1953 1935 2249 2007 laborare
2288 1938 2511 2028 coepit
2544 1962 2631 2008 ex
2678 1941 2816 2010 dis·

770 2055 1093 2130 solutione
1151 2057 1595 2128 membrorum
1618 2107 1633 2126 .
1684 2049 2014 2141 Dolcbat‚
2068 2079 2185 2126 suo
2216 2075 2291 2125 se
2324 2080 2455 2125 nou
2494 2072 2683 2146 posse
2733 2057 2803 2125 in

772 2190 1110 2266 posterum
1149 2162 1328 2264 fungi
1371 2191 1639 2240 munere
1659 2194 1683 2257 3
1720 2169 1985 2239 divinae·
2024 2175 2245 2238 tamen·
2280 2168 2597 2238 voluntati
2636 2191 2811 2256 pror.

772 2311 883 2356 sus
907 2287 1327 2379 acquiescens
1343 2329 1366 2370 5
1389 2285 1636 2354 doloris
1676 2283 1814 2352 vim
1841 2280 2257 2374 temperabat
2278 2330 2296 2350 .-
2322 2275 2595 2372 Aliquot
2629 2275 2820 2350 men-

662 2457 666 2462 .
772 2429 878 2474 ses
915 2427 1066 2476 curn
1113 2428 1198 2474 eo
1228 2405 1553 2490 luctatus,-
1610 2402 1697 2471 ad
1749 2417 2121 2472 extremum
2162 2401 2372 2469 victus
2407 2400 2663 2470 Patavii
2710 2421 2814 2468 oc-

777 2524 1007 2594 cubuit
1043 2526 1218 2595 XVI
1269 2524 1413 2593 Cal.
1455 2526 1667 2594 Marte
1713 2546 1865 2591 ann.
1914 2512 2083 2614 1795
2142 2512 2317 2589 vitae
2354 2536 2543 2589 sexto
2600 2542 2679 2589 ac
2714 2543 2816 2591 se..

775 2642 1190 2735 ptuagesimo
1229 2641 1344 2710 vix
1380 2638 1743 2731 completo.-

864 2752 1122 2825 Acerha
1159 2750 1453 2841 pluribus
1486 2752 1626 2843 ejus
1668 2766 1882 2835 mors‘,
1922 2768 2121 2840 quam·
2154 2745 2423 2817 deflevit
2468 2744 2809 2820 concinnis

770 2885 840 2939 et
875 2864 1280 2956 elegantibus
1329 2864 1829 2953 epigrammatis
1867 2862 2249 2931 Franciscus
2305 2861 2675 2933 Pimbiolus
2722 2863 2807 2931 de

771 2981 1242 3083 Engelfreddis·
1282 2980 1635 3050 obstrictus
1694 3000 2090 3073 magnopere
2128 2978 2475 3064 sibiliam,
2516 2980 2697 3074 eujus
2744 2980 2805 3049 i-

769 3099 1105 3188 maginem
1165 3118 1432 3182 noscere
1493 3094 1866 3165 volentibus
1930 3096 2040 3163 hic
2108 3093 2430 3185 subjicio,
2488 3094 2638 3163 Fuit
2692 3090 2807 3162 ille

771 3208 1158 3297 decentior,
1195 3232 1396 3299 quam
1430 3206 1785 3279 sublimior
1821 3212 1927 3302 (ι)
1945 3262 1966 3295 ,
2006 3207 2247 3299 capillo
2287 3208 2471 3299 nigro
2492 3258 2513 3290 ,
2550 3206 2683 3275 lata
2736 3225 2805 3276 et

772 3346 1152 3417 exporrecta
1191 3327 1433 3413 fronte,
1475 3324 1713 3397 vividis
1750 3324 1997 3408 oculis,
2032 3323 2292 3397 modice
2332 3326 2569 3398 inflexo
2609 3348 2809 3409 naso,

771 3458 913 3516 tota
948 3447 1234 3537 corporis
1269 3446 1783 3518 conforrnatione
1820 3447 2091 3517 decorus
2120 3499 2136 3514 .
2174 3446 2461 3515 Joannes
2506 3441 2805 3532 Baptista

777 3562 996 3635 fratris
1033 3566 1200 3635 filius
1224 3620 1244 3652 ,
1283 3566 1472 3637 heres
1513 3567 1606 3637 rei
1648 3566 1793 3662 ejus
1830 3564 2231 3638 domesticae
2278 3579 2348 3633 et
2406 3560 2800 3649 litterariae,

1463 3775 1623 3802 m
1630 3774 1956 3804 mmmm
1960 3774 2123 3803 mm

865 3944 964 4025 (ι)
1005 3938 1204 4003 Tacit.
1245 3939 1311 4002 in
1345 3940 1543 4024 Agric.
1585 3960 1711 4023 cap.
1750 3946 1851 4020 44.
