3125 4975
825 355 964 434 556
1632 341 1641 414 ’-
1742 377 1910 430 vm
1962 379 1999 390 ··

831 525 955 586 ne,
993 502 1102 570 vel
1157 496 1416 591 poetico
1471 497 1768 589 quodum.
1804 497 2063 567 cantico
2090 548 2106 567 .
2164 491 2455 590 Magnus
2492 495 2685 572 ardor
2738 525 2867 578 ex-

826 618 1132 687 citandae
1172 615 1757 706 propagandaeque
1814 613 2188 684 doctrinae.
2247 613 2383 683 Ubi
2436 617 2686 708 legatus
2724 619 2865 689 dis-

826 733 1026 803 cessit
1079 730 1344 822 publiea
1399 753 1616 824 rerum
1682 729 2134 817 procuratione
2180 729 2481 800 absoluta
2512 782 2533 816 ,
2566 715 2650 800 'in
2706 735 2850 827 ejus

826 847 1054 919 laudes
1095 845 1254 913 italo
1291 841 1587 912 carmine
1620 840 1864 911 effusus
1902 859 2040 929 cst,
2072 844 2244 935 quod
2284 863 2657 938 praeponat
2692 849 2851 918 inti·

835 989 1016 1035 mam
1065 963 1201 1031 vim
1241 984 1510 1052 poeseos
1535 1013 1549 1029 .

913 1078 1192 1148 Biennio
1221 1091 1571 1166 postquam
1594 1076 1753 1160 illuc
1774 1097 1845 1146 se
1872 1078 2235 1147 contulerat
2252 1131 2272 1162 ,
2302 1078 2371 1162 in
2400 1079 2683 1170 patriam
2710 1083 2851 1150 red-

833 1199 960 1287 iit3
1001 1221 1172 1266 anno
1233 1213 1473 1266 autem.
1509 1212 1823 1286 sequente
1862 1199 2199 1267 Veronam
2240 1197 2437 1289 petiit
2492 1199 2585 1268 ad·
2629 1201 2849 1292 Ange-

827 1313 968 1382 lum
1026 1317 1264 1382 Emum
1302 1306 1682 1403 generalem
1720 1309 1869 1401 (uti
1896 1310 2224 1403 aiebant)
2258 1312 2743 1401 proveditorem
2782 1317 2851 1384 in

827 1435 1242 1501 continente.
1305 1431 1410 1498 Ibi
1454 1449 1763 1499 versatus
1824 1449 1927 1500 est
1972 1431 2351 1523 aliquandiu
2386 1433 2459 1502 in
2508 1435 2855 1525 spectatis-

832 1552 986 1619 simi
1035 1535 1269 1636 suique
1325 1545 1766 1614 amantissimi
1824 1545 1945 1613 viri
2008 1547 2205 1616 domo
2220 1563 2251 1632 ,·
2280 1571 2317 1615 a
2357 1571 2485 1637 quo
2526 1547 2732 1617 multo
2780 1549 2851 1616 in

826 1665 1072 1734 honore
1111 1661 1406 1732 habitus.
1432 1661 1613 1728 Duas
1652 1658 1763 1728 hic
1800 1660 2288 1730 dissertationes
2326 1660 2853 1752 emisit(quihus

841 1798 1106 1850 auctum
1143 1794 1211 1844 et
1259 1791 1689 1865 propagatum
1726 1793 1827 1842 est
1874 1775 2017 1867 ejus
2056 1799 2297 1844 nomen
2322 1781 2383 1866 ):
2426 1799 2627 1844 unam
2670 1775 2849 1844 scili-

830 1909 938 1962 cet
983 1893 1064 1960 de
1099 1890 1518 1980 antiquarum·
1555 1887 2058 1978 inscriptionum
2110 1906 2306 1980 atquc
2336 1892 2848 1984 anaglyphornm

836 1997 1222 2082 collectione
1255 2062 1274 2093 ,
1329 2032 1504 2098 quae
1568 2010 1939 2078 continetur
1986 2009 2057 2077 in
2112 2033 2337 2079 museo
2396 2013 2775 2097 veronensi,
2812 2036 2852 2079 a

835 2128 1328 2221 sapientissimo
1363 2125 1692 2222 Maphejo‘
1724 2129 1921 2219 paulo
1976 2121 2128 2199 ante
2166 2145 2423 2218 erecto3
2460 2130 2731 2198 alteram
2770 2131 2857 2198 de

837 2245 1278 2338 pulcritudine
1315 2268 1585 2336 graecae
1644 2225 1989 2338 cujusdam
2043 2242 2489 2334 inscriptionis
2526 2244 2809 2316 ineditae
2830 2297 2851 2313 .

832 2365 1200 2456 Utrobique
1256 2365 1536 2434 eruditio
1600 2349 1988 2456 multiplci,
2026 2360 2288 2435 eximia'
2310 2363 2539 2461 critice
2560 2397 2587 2448 ‚-
2638 2367 2857 2456 exqui-

832 2482 959 2554 sita
999 2479 1411 2572 antiquitatis
1453 2479 1689 2551 notitia
1714 2530 1730 2549 .
1798 2510 1801 2513 ⁴
2534 2465 2540 2470 ⁴

893 2606 1008 2671 ··Et
1045 2603 1130 2671 ad
1179 2602 1460 2691 priorem
1501 2598 1673 2690 quod
1714 2601 2001 2684 attinet‚'
2040 2599 2345 2670 eamdem
2384 2594 2683 2667 bifariam
2744 2598 2861 2665 di·-

829 2721 1049 2807 vidis,
1103 2744 1180 2789 ac
1236 2720 1452 2807 primo
1505 2719 1773 2808 quidem
1832 2720 2165 2804 ostendit,
2214 2734 2527 2809 quantum
2586 2716 2863 2785 luminis

829 2818 1146 2922 historiae
1183 2833 1451 2901 accedat
1488 2856 1573 2900 ex
1610 2831 2019 2922 antiquitatis
2052 2830 2553 2924 investigatione
2592 2855 2667 2901 ae
2722 2848 2861 2899 stu-

835 2923 987 3032 dio}
1025 2944 1264 3013 deinde
1293 2946 1562 3036 exponit
1594 2944 1996 3036 singularem
2034 2946 2411 3016 veronensis
2440 2947 2651 3015 musei
2683 2968 2865 3035 prae·

829 3058 1180 3127 stantiam.
1231 3061 1460 3148 Itaque
1499 3060 1986 3149 comparatione
2042 3061 2347 3131 instituta
2400 3062 2575 3131 inter
2632 3058 2858 3149 physi-

825 3194 977 3241 cam
995 3188 1080 3243 :et
1099 3170 1456 3245 historiam
1478 3223 1497 3256 ,
1522 3172 1697 3243 inter
1732 3190 2075 3265 utramque
2112 3176 2428 3245 interesse
2466 3174 2635 3243 dicit
2660 3171 2845 3264 quasi

825 3287 1182 3377 quamdam
1242 3286 1674 3357 affinitatem.
1734 3291 1827 3359 Ut
1882 3286 2063 3373 enim
2112 3290 2425 3379 physicus
2476 3287 2602 3357 niti
2652 3286 2852 3359 debet

825 3402 1300 3491 experimentis
1349 3419 1415 3471 et
1453 3402 2017 3483 observationibus
2075 3403 2197 3472 rite
2258 3404 2577 3473 institutis
2635 3402 2703 3470 in
2740 3402 2851 3469 in·-

829 3514 1185 3605 quisitione
1228 3532 1535 3603 naturae3
1597 3516 1693 3585 sic
1748 3518 1833 3585 ad
1871 3518 2217 3586 veritatem
2254 3516 2685 3609 detegendam
2738 3514 2857 3583 hi·-

828 3630 1104 3703 staticus
1143 3630 1721 3717 utimonumentis
1760 3632 2051 3701 indubiis
2089 3648 2158 3699 et
2194 3631 2581 3721 exploratis.

845 3804 856 3818 .
921 3749 1108 3825 Haec
1163 3764 1382 3819 autem
1433 3750 1536 3817 vel
1590 3750 2349 3832 continentur-veterum
2390 3747 2697 3838 scriptis,
2752 3746 2867 3833 vel

831 3859 1291 3949 exprimuntur
1327 3862 1544 3950 liguris
1567 3864 1754 3933 ‚Jam
1792 3863 2249 3963 vero-desunt,
2287 3863 2506 3952 inquit
2528 3912 2550 3945 ‚
2589 3884 2721 3928 non
2758 3882 2857 3927 ra-

825 4000 900 4059 10
937 3979 1134 4070 libri,
1159 3996 1272 4051 aut
1311 4004 1393 4051 ex
1431 3980 1723 4071 incuria,
1752 3998 1864 4058 aut
1900 3982 2215 4077 temporis
2256 3978 2686 4058 diuturnitate
2708 3999 2861 4047 con-
