3125 4975
1568 134 1575 185 ί

1305 340 1313 345 ,
2286 269 2391 323 vn

347 389 522 463 noris
557 386 846 459 fructum
870 438 896 473 ,
930 380 1633 475 existimationemque
1695 381 1996 456 retulerit
2040 394 2063 455 ;
2116 386 2381 477 Quibus

345 505 552 601 igitur
586 503 902 575 laudibus
919 554 942 591 ,
971 498 1214 594 quibus
1251 499 1619 591 praeconiis
1636 497 1909 573 efferam
1936 501 2385 579 clarissimum

344 620 698 693 hominem
716 670 739 705 ,
773 617 1106 689 illustrem
1141 613 1322 689 fama
1357 614 1649 687 nominis
1680 668 1703 704 ,
1740 633 2207 713 spectataeque
2242 622 2383 691 vir..

348 736 516 811 tutis
531 788 554 823 ‚
633 734 828 829 hujus
886 731 1216 805 domicilii
1278 733 1506 805 lumen
1563 748 1636 803 et
1696 748 2157 807 ornamentum
2175 786 2199 821 ,
2262 735 2383 826 qui

353 852 622 923 tamdiu
663 848 952 945 praefuit
993 849 1234 921 nostris
1270 849 1515 920 litteris
1551 873 1629 921 ac
1662 848 1963 921 scientiis
1990 880 1995 885 ·
2018 851 2193 925 mira
2226 854 2387 927 dex·

355 970 628 1043 teritate
661 970 1022 1069 studioque
1041 968 1438 1063 praestanti,
1479 970 1597 1063 qui
1636 969 1807 1041 mihi
1862 969 1937 1042 in
1984 971 2128 1067 ejus
2163 973 2387 1051 locum

361 1084 642 1157 suffecto
673 1110 864 1180 spem
905 1086 1156 1159 nullam
1191 1104 1404 1155 novae
1440 1083 1659 1157 laudis
1692 1078 2175 1177 comparandae
2224 1090 2387 1161 reli-

365 1222 566 1291 quam
601 1198 760 1272 fecit
776 1255 800 1287 ,
835 1202 1164 1273 loannem
1183 1250 1204 1283 ,
1227 1197 1502 1289 inquam
1523 1248 1548 1283 ,
1574 1198 1947 1295 Baptistam
1968 1202 2337 1275 Ferrarium
2356 1256 2381 1289 ,

367 1331 628 1405 gratum
656 1314 854 1385 bonis
889 1312 1204 1385 omnibus
1235 1334 1470 1385 nomen
1486 1364 1510 1397 ,
1545 1334 1772 1387 carum
1810 1330 2007 1407 atque
2042 1335 2386 1409 acceptum

372 1424 543 1496 huic
579 1427 725 1495 seui
754 1478 779 1511 ,
811 1424 1152 1503 universae
1201 1422 1719 1501 litteratis-*simae
1754 1427 2011 1499 civitati
2057 1430 2387 1524 jucundis-

385 1536 678 1609 simum?
707 1541 778 1609 Is
805 1536 1061 1609 scilicet
1092 1538 1163 1607 in
1199 1536 1508 1609 omnibus
1555 1538 1796 1609 studiis
1832 1540 2219 1613 liberalibus
2264 1546 2389 1615 ho-

375 1657 704 1747 nestisque
743 1672 1036 1727 versatus
1069 1656 1236 1729 haec
1273 1657 1404 1731 tria
1439 1658 1725 1729 multum
1762 1658 2117 1736 dissimilia
2167 1661 2429 1755 singu--

365 1777 494 1853 lari
538 1776 859 1849 industria
899 1793 971 1847 et
1003 1800 1264 1871 prorsus
1301 1800 1474 1849 nova
1517 1778 1851 1869 copulavit
1884 1796 2083 1875 atque
2118 1773 2398 1877 coniun-

367 1898 512 1984 xit3
551 1897 734 1967 idem
771 1895 958 1967 enim
997 1896 1220 1988 poesi,
1257 1896 1444 1968 idem
1481 1897 1857 1995 eloquentia
1877 1952 1898 1984 ,
1947 1900 2132 1971 idem
2192 1902 2397 1974 histo-

367 2016 474 2096 ria
511 2016 698 2093 valde
733 2015 1098 2108 praestitit,
1115 2033 1190 2089 et
1223 2016 1346 2092 has
1381 2016 1675 2108 singulas
1713 2016 2057 2091 facultates
2086 2045 2205 2092 sua
2240 2046 2399 2114 qua-

367 2129 530 2200 dam
567 2132 790 2207 nativa
825 2156 906 2203 ac
941 2132 1197 2202 sincera
1231 2130 1643 2222 ingenuitate
1694 2135 2037 2215 exornavit
2080 2187 2097 2207 .
2156 2136 2399 2213 Liceat

367 2248 550 2321 mihi
583 2250 840 2341 igitur,
871 2247 1336 2324 humanissimi
1377 2272 1456 2318 ac
1490 2251 1970 2341 sapientissimi
2026 2253 2195 2341 viri,
2234 2256 2399 2326 reli-

375 2375 492 2429 cta
533 2375 753 2430 vetere
799 2360 1064 2433 dicendi
1109 2362 1575 2439 consuetudine
1604 2366 1753 2457 (1),
1790 2366 1969 2457 quod
2008 2365 2263 2460 jamdiu
2316 2392 2396 2439 o-

371 2477 690 2572 pubem,
719 2478 790 2550 in
813 2478 954 2574 ejus
986 2478 1216 2552 laudes
1249 2505 1627 2565 excurrere,
1658 2500 1727 2552 et
1764 2484 1951 2554 vobis
1984 2502 2240 2573 vatem,
2258 2513 2401 2558 ora-
2428 2499 2432 2504 ’

367 2613 633 2684 torem,
667 2597 1054 2670 historicum
1100 2597 1298 2688 plane
1355 2598 1719 2688 ingenuum
1788 2596 2153 2666 exhihere.
2204 2601 2403 2688 Quod

361 2713 652 2808 quidem
703 2712 1042 2804 specimen
1089 2736 1168 2785 ac
1212 2735 1454 2792 munus
1491 2727 1713 2804 gratae
1748 2707 2219 2781 recordationis
2276 2711 2401 2796 hoc

359 2813 787 2922 praesertim'
809 2849 1104 2924 tempore
1148 2831 1632 2924 praestandum.
1674 2829 2205 2908 existimavimus
2265 2851 2405 2900 me·

360 2947 636 3021 moriae
669 2945 962 3016 hominis
1022 2945 1224 3016 nobis·
1286 2967 1486 3037 quam
1559 2944 2079 3039 conjunctissimi
2139 2997 2161 3015 .
2228 2945 2403 3018 Cum

359 3065 552 3146 enim
623 3063 814 3160 jussu
870 3064 1272 3156 amplissimi
1319 3063 1661 3142 Antistitis
1720 3081 1791 3135 et
1846 3064 2256 3140 Maecenatis
2314 3064 2407 3166 <le

1076 3297 1743 3334 mmmm

447 3465 560 3543 (ι)
609 3465 708 3526 Ex
743 3464 860 3528 loci
909 3463 1080 3546 liujus
1132 3459 1544 3525 consuetudine
1600 3460 1667 3523 in
1704 3460 2051 3524 orationibus
2077 3505 2097 3539 ,
2132 3479 2277 3543 quae
2331 3457 2411 3523 ad

358 3565 762 3632 instauranda
802 3565 995 3630 studia
1034 3566 1336 3648 quotannis
1377 3564 1575 3638 haberi
1615 3565 1846 3642 solent,
1888 3567 2003 3628 fere
2043 3585 2265 3647 semper
2310 3585 2417 3626 su«

361 3674 546 3733 mitur
585 3669 672 3732 ad
733 3667 1046 3730 dicendum
1104 3685 1491 3748 argumentum
1547 3668 1783 3752 aliquod
1822 3689 1893 3734 ex
1940 3665 2363 3729 humanioribus
2380 3708 2411 3760 5

357 3789 464 3836 ant
523 3771 906 3856 gravioribus
955 3769 1280 3854 disciplinis
1321 3773 1597 3854 petitum,
1642 3771 1799 3858 quod
1849 3770 2093 3838 oratoris
2142 3787 2263 3830 uon
2312 3787 2414 3831 ex-

353 3882 622 4034 plicatur
661 3877 848 3943 modo
867 3919 890 3953 ,
933 3880 1040 3944 sed
1076 3879 1247 3944 etiam
1281 3892 1617 3946 exornatur.
