3125 4975
2243 266 2327 325 21

312 410 436 483 qua
470 389 525 462 is
577 383 924 483 probitate
981 404 1192 474 esset,
1247 410 1378 479 qua
1433 380 1686 473 indole,
1727 386 1965 480 quihus
2003 390 2333 469 moribus.

311 504 386 572 Iu
429 506 526 574 his
561 508 746 575 enim
791 503 1076 596 putabat
1109 507 1239 596 (ut
1275 528 1498 575 revera
1535 507 1691 597 est)
1733 526 2331 603 momentumma..

311 623 552 693 ximum
589 646 740 693 esse
779 621 1078 713 positum
1103 668 1120 688 .
1177 620 1324 691 Nec
1369 619 1671 711 eligebat
1724 612 2163 717 quemquam,
2198 624 2335 701 nisi

315 750 662 823 praestaret
707 735 896 806 vitae
931 734 1128 804 laude
1164 732 1312 825 (ι).

397 854 551 924 Non
587 856 921 949 dignitate
957 852 1350 925 ric-«scientia
1387 867 1645 923 tantum
1685 853 1937 945 praeire
1986 854 2333 948 discipulis

313 986 762 1059 praeceptores
799 964 1100 1052 volebat,
1139 968 1260 1036 sed
1299 966 1506 1035 multo
1564 968 1777 1059 magis
1824 969 2072 1060 pietate
2111 995 2187 1041 ac
2224 997 2332 1042 re·-

317 1085 592 1177 ligione:
625 1086 895 1177 volebat
918 1141 938 1173 ,
971 1088 1244 1178 inquam
1265 1136 1286 1169 ,
1325 1107 1438 1154 eos
1477 1085 1562 1156 ab
1601 1086 1710 1155 his
1750 1088 1997 1157 erudiri
2036 1087 2108 1157 in
2143 1088 2336 1167 timo-2

319 1230 388 1275 re
420 1206 726 1275 Domini.
758 1210 982 1295 Quare
1029 1206 1105 1273 in
1150 1202 1577 1301 inferioribus⁸
1620 1202 1865 1275 scholis
1918 1228 2051 1274 non
2096 1205 2331 1276 diebus

317 1318 526 1387 solum
555 1320 934 1389 Dominicis
971 1340 1222 1387 sacram
1259 1316 1632 1390 catechesin
1668 1316 1899 1388 haberi
1950 1314 2176 1413 jussit,
2211 1320 2333 1391 sed

334 1435 694 1528 cuiuslibet
737 1452 1074 1527 praeterea
1127 1434 1570 1505 hebdomadae
1606 1451 1784 1506 certa
1836 1434 1981 1523 die,
2019 1436 2337 1511 litteraria

327 1551 744 1625 institutione
771 1570 1029 1644 peracta
1051 1553 1158 1645 (2)
1181 1598 1200 1622 0
1223 1550 1294 1624 si
1323 1552 1489 1645 quid
1527 1554 1597 1621 in
1636 1552 1925 1645 profanis
1964 1557 2335 1629 auctoribus

334 1670 498 1741 forte
547 1686 900 1743 cocurreret
930 1724 953 1758 ‚
1006 1671 1178 1763 quod
1233 1670 1489 1762 optime
1543 1694 1701 1741 cum
1752 1672 2067 1764 religione
2119 1692 2343 1745 nostra

315 1770 721 1876 concineret,
755 1790 828 1861 id
863 1788 1152 1883 praelegi
1193 1812 1234 1859 a
1271 1789 1605 1880 magistris
1650 1790 1861 1861 voluit
1897 1809 1966 1860 et
2018 1789 2335 1865 inculcari

326 1911 687 2003 discipulis.
727 1910 1043 1985 Amoveri
1083 1924 1308 1982 autem
1345 1908 1577 2003 longe,
1601 1930 1678 1980 ac
1711 1930 1969 2001 prorsus
2006 1910 2339 1983 eliminari

325 2026 630 2117 quidquid
667 2047 906 2095 nocere
939 2040 1168 2117 posset
1203 2020 1396 2090 bonis
1431 2021 1722 2093 moribus
1744 2074 1767 2109 ‚
1796 2020 2083 2092 nondum
2128 2024 2200 2092 in
2238 2040 2337 2094 tu·-

327 2156 388 2205 to
421 2138 656 2229 positis
689 2138 800 2228 (3)
822 2191 839 2205 .
877 2140 978 2208 Ac
1013 2153 1360 2227 propterea
1397 2135 1687 2227 singulos
1724 2153 2175 2229 praeceptores
2214 2160 2331 2227 pro

321 2254 458 2325 suis
495 2254 900 2326 auditoribus
933 2278 1114 2323 orare
1148 2252 1333 2350 jubet
1350 2306 1373 2339 ,
1403 2255 1775 2347 iisdemque
1813 2278 1884 2325 se
1916 2276 2065 2325 cum
2104 2250 2188 2325 ad
2224 2254 2334 2323 lit-

323 2380 534 2452 teras,
563 2384 708 2437 tum
743 2368 831 2437 ad
863 2367 1166 2437 virtutem
1201 2366 1512 2458 praebere
1547 2367 1746 2437 duces
1786 2366 1892 2461 (4)
1917 2420 1932 2437 .
1954 2369 2121 2439 Vult
2148 2368 2329 2457 ipsos

323 2478 396 2550 in
429 2505 498 2552 se
538 2503 688 2551 eam
741 2479 1012 2572 pietatis
1061 2478 1336 2551 formam
1394 2479 1811 2573 exprimere,
1852 2505 1939 2570 qu
1956 2505 2063 2549 am
2100 2480 2201 2550 illi
2240 2480 2346 2550 vi-

315 2612 384 2666 ta
427 2595 806 2666 imitentur.
849 2595 1204 2686 Nunquam
1241 2595 1500 2665 destitit
1551 2592 2014 2664 commendare
2067 2592 2333 2682 pietatis

315 2708 606 2778 studium
629 2757 648 2778 .
677 2707 856 2798 Quin
891 2705 1197 2779 eamdem
1233 2707 1561 2800 promovit
1596 2705 1813 2776 modis
1849 2704 2155 2776 omnibus
2173 2756 2194 2789 ‚
2226 2703 2339 2774 ad.

307 2823 836 2914 hortationibus,
899 2827 1211 2912 monitis,
1263 2822 1560 2918 leg'ibus,
1616 2825 1981 2913 institutis·
1962 2876 1983 2913 ,
2040 2823 2335 2894 maxime

293 2959 477 3008 retu-
499 2939 848 3032 exemplo.
887 2940 1065 3032 quod
1095 2939 1394 3016 omnium
1433 2939 1723 3010 maxime
1754 2937 1985 3011 efficax
2006 2937 2152 3029 (5).
2193 2933 2337 3005 Vir

311 3059 538 3134 uatem
569 3051 752 3123 enim
814 3061 888 3124 et
938 3063 1206 3132 exercet
1257 3061 1330 3124 et
1386 3051 1687 3122 ostendit
1728 3065 1914 3124 recta
1966 3051 2145 3122 actio
2184 3049 2335 3141 (6).

998 3241 1657 3282 mmmm

396 3349 498 3429 (ι)
538 3349 677 3409 Act.
717 3347 920 3410 neatis.
957 3347 1144 3413 ¹1¹.11.
1184 3347 1462 3414 Summar.
1483 3363 1617 3431 pag.
1640 3365 1733 3426 29.
1758 3357 1815 3404 et
1833 3344 1919 3404 T.
1940 3341 2048 3408 IV.
2069 3362 2197 3426 pag.
2220 3341 2323 3406 28.

401 3453 500 3532 (2)
541 3449 697 3513 lhid.
738 3455 824 3515 T.
863 3454 940 3518 Π.
978 3454 1256 3516 Summa.
1293 3473 1430 3535 pag.
1470 3453 1569 3514 65.
1611 3449 1697 3511 T.
1734 3449 1846 3516 lv.
1884 3467 2015 3531 pag.
2057 3449 2155 3510 28.

400 3555 500 3634 (5)
537 3555 734 3629 Instit.
771 3555 850 3618 ad
881 3557 1096 3620 Semin.
1135 3559 1358 3638 Regim.
1396 3575 1524 3638 pag.
1566 3575 1663 3638 79.

409 3662 506 3738 (4)
543 3659 700 3722 thid.
738 3679 870 3743 pag.
912 3663 1012 3724 83.
1054 3674 1111 3722 et
1155 3663 1286 3723 105.

405 3763 502 3840 (5)
533 3765 674 3826 Act.
712 3765 918 3828 Beatis.
962 3767 1050 3826 Τ.
1091 3767 1201 3830 lv.
1239 3765 1514 3830 Summar.
1548 3783 1679 3846 pag.
1722 3781 1859 3824 222.
1898 3771 1955 3822 ct
1994 3753 2135 3823 225.

395 3875 496 3960 (s)
530 3871 744 3944 smne.
780 3871 893 3966 Ep.
934 3871 1168 3944 xc1v.
