3125 4975
747 290 884 367 :326
1689 304 1858 360 un

747 455 892 499 rum
933 424 1340 520 problemata
1362 476 1382 508 ,
1421 446 1500 493 eo
1537 446 1881 507 successu,
1919 438 1993 492 ut
2030 423 2114 493 ad
2150 425 2383 495 eadem
2424 441 2654 497 natura
2688 426 2786 503 fa.

749 564 890 617 ctus
930 546 1390 635 magistrorum
1429 541 1676 635 judicio
1716 542 2075 613 videretur.
2125 544 2320 611 Brevi
2360 544 2485 617 hoc
2525 545 2793 615 evoluto

751 666 966 761 spatio
987 716 1008 749 ,
1039 662 1308 733 domum
1350 684 1422 727 se
1461 659 1780 745 contulit,
1808 658 1965 729 hinc
2004 660 2331 750 Venetias
2352 714 2375 747 ,
2399 661 2625 753 ibique
2660 663 2789 733 ali..

747 796 989 878 quanto
1029 794 1177 871 post
1212 777 1558 847 nonnullos
1600 800 1683 847 ex
1718 777 1997 867 patricio
2036 786 2273 869 genere
2328 782 2784 855 adolescentes

753 898 1200 971 informandos
1251 896 1542 982 suscepit
1579 894 1855 963 scientia
1896 894 2058 989 juris
2093 947 2109 965 .

837 1022 934 1087 Ea
975 1030 1365 1105 tempestate
1407 1012 1474 1079 in
1511 1012 1637 1081 hac
1675 1012 1835 1083 urbe
1894 1038 2045 1083 cum
2086 1014 2524 1107 amplitudine
2570 1017 2791 1088 hono-

749 1157 894 1205 rum
916 1185 937 1217 ‚
987 1148 1125 1199 tum
1165 1128 1536 1197 litterarum
1578 1126 1777 1217 gloria
1821 1128 2093 1199 florebat
2130 1128 2471 1221 insigniter
2510 1133 2786 1203 Marcus

761 1250 1158 1324 Foscarcnus
1178 1295 1199 1327 ‚
1232 1242 1332 1311 vir
1370 1239 1610 1308 litteris
1644 1258 1711 1309 et
1748 1240 2057 1311 litteratis
2094 1242 2393 1313 addictus
2416 1296 2431 1315 .
2462 1246 2591 1321 Hic
2628 1250 2797 1315 For.

756 1362 996 1433 cellino
1020 1356 1374 1448 plurimum
1401 1378 1555 1423 suae
1582 1354 2009 1447 benignitatis
2036 1356 2404 1447 impertiit,
2423 1384 2577 1429 usus
2616 1361 2785 1455 ejus-

756 1479 908 1549 dem
950 1495 1146 1563 opera
1185 1471 1252 1538 in
1293 1469 1701 1559 conterenda
1740 1486 1807 1537 et
1832 1468 2426 1563 edendahistoria,
2451 1498 2651 1564 quam
2687 1478 2792 1549 in-

751 1598 872 1667 ecri
883 1594 1012 1685 psit
1019 1588 1254 1677 ,Della
1274 1584 1673 1657 letteralura
1697 1588 2045 1659 veneziana
2055 1642 2077 1676 ,
2096 1590 2450 1681 multiplici
2474 1596 2787 1667 eruditio·

753 1734 838 1782 nc
876 1706 1111 1779 referta
1131 1755 1146 1773 .
1173 1702 1424 1777 Eadem
1449 1702 1907 1792 complectitur
1930 1703 2133 1777 libros
2162 1720 2310 1775 octo
2330 1758 2347 1775 .
2368 1708 2473 1777 Ex
2502 1707 2607 1802 liis
2632 1732 2791 1801 qua-

749 1840 894 1893 tuor
925 1834 1178 1889 tantum
1217 1840 1367 1883 ann.
1415 1815 1588 1905 1752
1616 1815 1791 1905 typis
1816 1816 2172 1889 Seminarii
2206 1821 2503 1909 patavini
2534 1846 2611 1893 ea
2642 1850 2787 1897 ma-

753 1930 1128 2027 gnificentia
1166 1944 1316 1999 sunt
1363 1928 1530 1997 editi
1563 1981 1587 2015 ,
1646 1952 1815 2023 quae
1854 1930 2113 2001 videtur
2150 1956 2300 2001 cum
2340 1933 2577 2005 intima
2616 1938 2785 2011 tanti.

747 2050 968 2140 operis
1006 2046 1326 2137 dignitate
1363 2063 1649 2121 certare.
1690 2048 1957 2141 Reliqui
1994 2073 2233 2141 magna
2274 2075 2359 2127 ex
2398 2071 2585 2144 parte
2620 2080 2781 2125 con,

751 2163 906 2237 fecti
947 2162 1157 2231 adhuc
1198 2160 1634 2231 delitescunt:
1669 2161 1782 2251 qui
1826 2178 2047 2233 tamen
2086 2188 2350 2254 sperare
2388 2166 2659 2257 'possent
2686 2168 2785 2239 lu.

756 2304 904 2351 cem
937 2276 1273 2369 publicam
1307 2300 1345 2349 a
1387 2293 1619 2345 veneto
1674 2275 2124 2349 eruditissimo
2189 2280 2365 2366 viro,
2412 2282 2527 2373 qui
2590 2299 2657 2351 et
2708 2308 2792 2359 ea

753 2397 1031 2471 scientia
1069 2413 1206 2480 est,
1234 2414 1306 2471 ut
1343 2395 1514 2467 nihil
1552 2384 1931 2490 hujusmodi
1972 2414 2263 2471 metuere
2302 2398 2579 2489 debeatg,
2606 2418 2673 2477 et
2704 2426 2789 2477 ea

753 2513 826 2588 in
852 2526 1182 2584 auctorem
1213 2509 1669 2581 doctissimum
1708 2512 2079 2598 voluntate,
2112 2529 2185 2580 ut
2221 2513 2393 2583 nihil
2431 2516 2637 2603 possit
2672 2539 2791 2586 ne·

755 2629 1004 2722 gligere
1029 2681 1050 2714 ,
1075 2629 1244 2722 quod
1288 2629 1370 2696 ad
1396 2627 1536 2722 ejus
1576 2627 1773 2696 decus
1799 2629 2155 2718 pertineat.
2182 2630 2457 2704 Utinam
2496 2631 2793 2745 aliquan.

759 2743 846 2818 do
885 2759 954 2816 et
989 2741 1058 2810 hi
1101 2737 1546 2830 profcrantur!
1590 2741 1721 2812 Sed
1761 2742 1845 2810 ad
1880 2743 2321 2818 Forcellinum
2360 2769 2466 2815 τω
2472 2763 2671 2816 ertor.

841 2863 908 2930 Is
954 2857 1298 2932 Foscareni
1355 2857 1723 2950 patrocinio
1778 2858 2145 2934 suffultus
2128 2887 2198 2930 m
2238 2887 2421 2934 sacro
2472 2864 2785 2956 patavino

754 2974 1051 3062 Collegio
1112 2972 1393 3043 doctoris
1452 2975 1739 3066 insignia
1792 2977 2133 3065 obtinuit,
2181 2980 2341 3054 licet
2370 2999 2559 3052 antea
2610 3007 2781 3072 qua-

755 3087 1130 3166 driennium
1161 3141 1184 3175 ,
1239 3105 1312 3164 ut
1371 3089 1879 3180 praescribitur,
1916 3117 2048 3162 non
2085 3093 2519 3185 impendisset
2554 3096 2625 3166 in
2664 3121 2791 3168 au-

761 3205 1036 3286 diendos
1073 3209 1608 3300 Archigymnasii
1644 3210 1826 3281 illius
1868 3211 2298 3302 professores.

842 3327 1120 3404 Interim
1159 3329 1470 3400 societate
1510 3328 1679 3400 inita
1712 3355 1863 3400 cum
1902 3333 2241 3417 Lastesio,
2282 3333 2577 3404 studium
2628 3359 2782 3410 cum

759 3438 879 3518 illo
917 3442 1193 3510 eontulit
1229 3443 1298 3512 in
1337 3444 1701 3516 editionem
1738 3469 2011 3536 operum
2048 3446 2353 3537 Speronii
2390 3443 2668 3538 Spei-oni
2694 3447 2792 3518 vi-

765 3555 826 3634 ti
863 3555 1364 3648 celebratissimi
1407 3562 1550 3652 (1).
1602 3563 1785 3632 Haec
1822 3563 2187 3634 habuerant
2236 3564 2341 3638 illi
2374 3564 2465 3634 ab
2520 3563 2793 3636 heredi-

1439 3731 1521 3755 m
1525 3731 1847 3758 mmmm
1852 3733 2097 3762 mm

837 3827 1164 3994 (OinHaec
1221 3827 1374 3894 edita
1421 3847 1507 3894 est
1559 3835 1819 3904 Venetiis
1862 3837 2009 3929 typis
2039 3836 2335 3904 Dominici
2376 3835 2567 3901 Occhi
2622 3855 2781 3904 anno

761 3937 910 4019 1740
1046 3936 1108 4013 4
