3125 4975
783 271 830 350 5
881 265 926 344 Β
1497 316 1503 324 .
1696 279 1865 330 vim

786 295 1086 500 pgieis'
1065 397 1278 494 ipsius
1329 394 1662 487 opusculis
1718 391 1919 462 editis
1978 385 2397 464 Mediolani.
2444 391 2727 466 'Verum
2780 391 2895 464 ad

787 521 862 592 id
888 571 910 608 ‚
949 521 1120 612 quod
1177 539 1445 600 eorum,
1483 537 1652 604 quae
1688 507 1959 606 objicit,
1998 521 2197 600 caput
2232 527 2366 596 est,
2404 511 2727 602 quodque
2778 509 2887 582 ad

794 636 1152 710 harometri
1196 649 1414 704 motus
1445 645 1761 724 spectata
1800 631 1996 699 lunae
2034 629 2097 698 vi
2124 627 2545 719 repetendos,
2580 629 2879 720 Joseph

791 753 1129 823 cumulate
1167 745 1504 838 respondit
1541 739 2045 828 dissertatione,
2084 763 2255 834 quae
2300 739 2373 812 in
2422 741 2588 813 actis
2620 759 2881 812 exstat

794 867 1231 940 berolinensis
1295 863 1744 936 Academiae.
1810 847 2161 958 Siquidem
2222 859 2293 930 in
2358 859 2483 931 hae
2542 859 2873 931 ostendit

789 985 1122 1058 celebrem
1163 983 1711 1053 mathematicum
1750 979 1821 1050 in
1860 979 2221 1058 barometri
2258 979 2554 1050 motibus
2592 1003 2871 1070 suppu-

793 1100 1014 1169 tandis
1045 1120 1120 1168 ac
1141 1095 1538 1166 definiendis
1572 1096 1701 1164 duo
1734 1090 2445 1164 necessariaomisisse
2464 1141 2482 1176 ,
2516 1089 2863 1161 inertiam

793 1213 1052 1284 scilicet
1105 1227 1174 1280 et
1235 1205 1717 1280 elasticitatem
1764 1203 1933 1278 aeris
1965 1253 1983 1274 .
2030 1203 2223 1293 Quod
2270 1222 2492 1278 autem
2548 1205 2863 1294 pertinet

795 1326 880 1412 ud
909 1337 1376 1416 tempestatum
1415 1321 1811 1390 mutationes
1848 1333 1919 1388 et
1941 1320 2135 1388 lunae
2166 1329 2415 1412 puncta
2436 1371 2455 1402 ,
2488 1316 2585 1386 ait
2622 1317 2859 1403 idem,

795 1463 870 1510 se
908 1441 978 1509 in
1011 1456 1420 1510 antecessum
1459 1433 1641 1504 illius
1676 1430 2181 1503 difficultatibus
2230 1432 2591 1500 occurrisse
2614 1483 2638 1514 ,
2678 1431 2857 1498 arti-

794 1554 950 1624 culo
997 1552 1350 1648 praecipue
1399 1563 1633 1617 octavo
1654 1595 1676 1632 ,
1722 1547 1837 1638 qui
1905 1569 1977 1615 se
2024 1544 2227 1616 offert
2270 1545 2341 1614 in
2388 1547 2593 1614 altera
2656 1560 2857 1636 parte

797 1671 1017 1762 operis
1061 1669 1156 1740 ita
1193 1667 1534 1757 inscripti,
1590 1663 1839 1756 Saggio
1888 1663 2405 1756 meteorologico
2432 1715 2449 1732 .
2506 1665 2853 1732 Tamdem

793 1789 1134 1860 concludit
1175 1786 1510 1855 affirmans
1547 1807 1619 1854 se
1659 1785 1790 1852 n'on
1826 1806 1976 1854 esse
2016 1805 2169 1854 eum
2190 1833 2211 1869 ,
2252 1784 2369 1875 qui
2418 1781 2699 1852 aliorum
2748 1781 2851 1873 ju-

804 1901 984 1972 dicia
1035 1899 1364 1992 impedire
1419 1898 1619 1983 velit,
1662 1898 1879 1990 iisque
1916 1898 2211 1968 adimere
2262 1897 2639 1970 libertatem
2690 1896 2849 1986 opi-

796 2014 1001 2086 nandi
1041 2015 1122 2083 de
1162 2013 1268 2081 his
1295 2061 1314 2098 ,
1357 2011 1530 2104 quod
1572 2010 1786 2101 magis
1827 2011 2009 2082 lubet
2046 2013 2188 2104 (t).
2240 2012 2327 2082 Et
2374 1999 2537 2080 alibi
2588 2013 2697 2102 (2)
2748 2027 2847 2080 te·-

799 2149 1010 2202 statur
1062 2147 1286 2222 aperte
1331 2181 1351 2216 ,
1397 2155 1468 2200 se
1527 2129 1845 2201 exhibere
1906 2114 2090 2202 haee¹
2119 2155 2267 2200 non·
2314 2145 2653 2222 tamquam
2696 2151 2843 2200 cer-

797 2258 870 2314 ta
917 2267 996 2314 ac
1041 2245 1229 2316 firma
1276 2245 1645 2336 dogmata,
1692 2245 1809 2315 sed
1860 2261 2211 2344 tamquam
2260 2245 2639 2336 probabiles
2698 2261 2847 2314 tan-

799 2359 1144 2430 tummodo
1181 2355 1589 2454 conjecturas
1626 2381 1703 2428 ac
1742 2359 1999 2449 regulas
2062 2359 2437 2429 dilatandas
2486 2377 2555 2428 et
2594 2373 2845 2429 contra-

801 2476 1088 2564 hendas,
1135 2494 1324 2569 prout
1367 2479 1775 2585 experientia
1821 2476 2222 2568 ostenderit-3
2258 2478 2363 2549 vel
2400 2479 2605 2549 etiam
2642 2476 2835 2571 peni-

802 2608 909 2662 tus
946 2593 1430 2685 repudiandas,
1449 2592 1585 2661 ubi
1634 2594 1960 2683 longiores
2000 2608 2068 2662 et
2122 2593 2566 2666 accuratiores
2627 2594 2841 2667 obser·

805 2711 1104 2784 vationes
1145 2708 1572 2778 obstiterint.

859 2820 862 2825 ¹
895 2829 1027 2899 Sed
1066 2818 1214 2917 jam⁴
1259 2823 1328 2895 in
1385 2825 1491 2895 his
1527 2826 1919 2895 immoratus
1976 2850 2123 2897 sum
2173 2825 2333 2899 satis
2380 2826 2547 2917 diu}
2586 2825 2671 2898 ad
2708 2826 2837 2901 alia

801 2968 978 3015 nunc
1015 2940 1157 3037 ejus
1196 2968 1432 3036 opera,
1488 2944 1711 3015 Multa
1766 2948 1945 3046 enim
2008 2950 2144 3017 alia
2184 2949 2490 3039 scripsit:
2531 2950 2837 3041 pleraque

800 3060 1164 3133 referuntur
1202 3064 1285 3133 ad
1322 3064 1882 3135 confirmationem
1924 3064 2262 3143 doctrinae
2319 3091 2477 3160 prae
2516 3068 2747 3137 ceteris
2777 3066 2837 3139 ei

807 3178 1259 3269 gratissimae.
1301 3178 1403 3249 Ad
1446 3178 1615 3249 hanc
1656 3181 2028 3269 pertinent,
2062 3206 2239 3273 quae
2280 3180 2465 3251 dedit
2504 3182 2585 3251 de
2622 3206 2838 3251 emen-

807 3294 1073 3367 datione
1125 3294 1482 3368 harometri
1537 3315 1607 3369 et
1664 3297 2155 3391 thermometr'13
2200 3301 2399 3392 digna
2458 3324 2615 3370 sane
2670 3322 2833 3391 quae

805 3431 1250 3485 memorentur
1284 3439 1522 3510 magna
1560 3441 1710 3487 oum
1750 3417 1889 3514 ejus
1926 3418 2155 3489 laude.
2198 3419 2326 3491 His
2362 3417 2545 3489 enim
2581 3434 2835 3510 praeter

1489 3610 2153 3640 mmmfflmmm

890 3710 989 3791 (ι)
1032 3708 1238 3774 Statim
1271 3724 1401 3794 post
1438 3714 1886 3797 praefationem,
1927 3738 2091 3797 quam
2136 3738 2269 3777 aun.
2320 3716 2459 3797 1781
2506 3713 2821 3799 praemisitt

807 3812 956 3885 libro
995 3812 1266 3899 inscripto
1307 3816 1536 3895 Saggio
1571 3823 2015 3897 meteorologieo
2040 3864 2057 3893 ,
2099 3841 2227 3880 cum
2260 3840 2447 3880 rursus
2490 3818 2677 3883 editus
2705 3863 2719 3880 .

899 3920 998 4001 (2)
1039 3920 1109 3981 Iu
1147 3920 1494 4004 praefatione
1534 3920 1719 3985 eidem
1758 3921 2065 4005 praemissa
2088 3964 2109 4003 ‚
2150 3942 2277 3985 cum
2313 3922 2558 4007 primum
2596 3921 2755 3986 exiit.
