3125 4975
833 318 1006 418 ‘vm
1043 361 1342 419 somnis
1383 360 1731 421 naum-m
2184 340 2325 421 355

285 486 594 581 patavino
633 484 916 555 doctoris
955 485 1246 554 lauream
1302 482 1581 573 adeptus
1604 536 1625 567 ‚
1664 472 1939 553 refertur
1974 480 2047 553 in
2094 504 2321 555 comm

279 602 578 671 ordinem
607 653 627 684 ‚
659 599 856 692 paulo
883 615 1030 689 post
1059 598 1144 669 ad
1178 594 1621 667 sacerdotium
1662 614 2099 687 promovetur.
2138 598 2319 667 Tum

285 736 438 781 vero
475 738 546 783 se
579 724 798 783 totum'
829 712 1013 783 dedit
1067 713 1286 781 studio
1343 710 1799 803 antiquitatis,
1836 732 2005 803 quae
2044 713 2322 784 rudiori·-

285 826 408 896 bus
448 828 892 897 monumentis
927 826 1298 897 continetur
1322 878 1338 893 .
1377 822 1456 895 In
1495 827 1621 895 hoe
1670 842 1805 895 tam
1861 823 2143 895 feliciter
2180 850 2325 917 pro-

288 964 546 1031 gressus
613 958 752 1026 est,
823 958 896 1009 ut
959 941 1030 1009 in
1095 962 1402 1031 magnam
1469 938 1925 1009 celebritatem
1988 942 2271 1009 evaserit
2302 990 2321 1009 .

286 1062 551 1147 Quanto
591 1060 798 1128 animi
837 1062 1092 1148 impetu
1132 1061 1217 1127 ad
1274 1044 1341 1126 i'd
1383 1057 1693 1141 ferretur,
1730 1058 1957 1147 paucis
1996 1058 2279 1148 aecipite
2304 1106 2321 1125 .

336 1198 344 1209 ·
395 1180 580 1249 Mira
645 1180 932 1269 quadam
989 1177 1368 1247 curiositate
1426 1176 1684 1243 solebat
1746 1175 2119 1267 hujusmodi
2174 1198 2325 1245 me-

286 1298 532 1366 morias
578 1297 976 1385 investigare
1017 1312 1086 1363 et
1123 1295 1500 1384 exquirere.
1541 1294 1619 1360 1η
1666 1290 1789 1362 hoc
1825 1290 2003 1364 enim
2036 1296 2065 1387 (
2098 1294 2327 1389 ajebat

287 1417 449 1483 olim
515 1414 962 1501 Hieronymus
1027 1414 1408 1497 Zanettius,
1471 1413 1709 1481 harum
1772 1428 1843 1480 et
1898 1412 2044 1503 ipse
2104 1436 2322 1485 rerum

287 1528 660 1612 studiosus,
699 1528 1010 1596 Brunatio
1047 1527 1388 1615 scribens)
1426 1524 1495 1593 in
1531 1524 1659 1596 hoc
1695 1522 2092 1595 eruditionis
2124 1548 2325 1617 gene-

285 1665 360 1715 re
379 1642 551 1735 finis
586 1640 832 1730 nullus,
855 1642 1040 1711 nulla
1075 1665 1390 1733 umquam
1425 1654 1716 1713 veterum
1750 1652 2323 1713 monumentorum

287 1760 568 1827 satietas
589 1808 604 1825 .
655 1756 913 1825 Nmnus
965 1754 1268 1844 quotidie
1319 1774 1595 1825 mmmm
1648 1755 1897 1847 excipit
1916 1809 1939 1841 ,
1978 1755 2325 1845 inscriptio

290 1870 1061 1964 inscriptionem,codex
1098 1870 1400 1941 codicem
1421 1875 1526 1963 (1)
1551 1924 1568 1940 .
1592 1874 1791 1960 Quod
1810 1872 1925 1940 ille
1964 1872 2327 1962 generatim

287 1994 368 2061 de
393 1992 668 2060 eruditis
709 1990 890 2059 hisce
930 1991 1310 2076 verissime,
1339 1991 1410 2059 in
1437 1992 1823 2061 Brunatium
1860 1990 2131 2057 omnino
2170 2010 2329 2082 qua·

285 2112 470 2180 drat.
537 2111 848 2181 Venatici
921 2110 1102 2179 canis
1166 2109 1376 2180 instar
1436 2110 1831 2179 odorabatur
1878 2110 1937 2177 is
1992 2109 2099 2178 vel
2152 2130 2323 2201 quae

283 2227 510 2319 procul
550 2226 772 2295 abdita
795 2280 814 2312 ,
855 2245 922 2297 et
953 2254 1191 2319 magna
1233 2246 1602 2319 temporum
1642 2226 1975 2299 oblivione
2014 2229 2270 2320 sepulta
2298 2280 2315 2298 .

288 2348 446 2416 Mos
500 2344 600 2413 illi
665 2361 806 2413 erat
871 2346 1208 2433 explorare
1277 2346 1786 2435 diligentissime
1846 2344 2319 2430 bibliothecae,

292 2480 520 2526 musea
559 2511 578 2540 ,
619 2456 940 2526 tabularia
966 2511 984 2542 ‚
1033 2454 1322 2526 conferre
1377 2457 1550 2525 inter
1614 2454 1684 2527 se
1724 2456 2026 2543 codices,
2070 2456 2321 2530 exami-

295 2595 452 2641 nare
489 2572 894 2664 diplomata,
943 2570 1314 2660 expendere
1356 2563 1697 2661 privilegia
1720 2623 1741 2656 ‚
1774 2569 2001 2638 rimari
2034 2587 2177 2639 aeta
2202 2595 2327 2660 pu·-

286 2685 464 2755 hliea
484 2740 504 2773 ,
541 2687 839 2770 chartas,
877 2685 1298 2754 membranas
1324 2738 1343 2768 ,
1393 2683 1679 2771 rotulos,
1716 2683 2191 2770 instrumenta,
2233 2701 2326 2754 at»

288 2829 415 2896 que
453 2805 610 2874 hine
649 2805 997 2898 omnigena
1038 2805 1430 2875 documenta
1469 2803 1795 2896 proferre,
1843 2825 2012 2896 quae
2060 2801 2141 2872 ad
2179 2802 2327 2874 illu-

229 2917 234 2922 ’
289 2917 624 2988 sti-andam
682 2919 1026 2988 historiam
1085 2919 1414 3009 pertinent
1461 2917 1669 2988 medii
1725 2915 1870 2988 aevi
1905 2969 1923 2986 .
1978 2915 2183 2988 Nulla
2222 2937 2327 2986 res

287 3027 491 3103 habet
525 3036 670 3125 plus
708 3035 996 3125 negotii,
1027 3061 1225 3126 quam
1253 3035 1417 3106 haec
1449 3037 1706 3106 erudita
1742 3035 2085 3105 euriositas
2110 3089 2125 3105 .
2164 3035 2323 3108 Non

295 3155 519 3212 tamen
561 3147 673 3214 ille
714 3147 1098 3216 difficultate
1135 3150 1232 3217 rei
1271 3151 1672 3233 terrebatur,
1710 3173 1787 3217 eo
1826 3168 2032 3240 usque
2076 3147 2327 3218 laboris

295 3257 555 3350 patiens
570 3273 687 3345 ,ut
721 3260 1192 3350 quinquaginta
1233 3279 1298 3330 et
1339 3263 1625 3352 amplius
1662 3262 2020 3331 rotulorum
2060 3262 2269 3332 millia
2299 3316 2320 3349 ,

291 3393 364 3447 ut
397 3377 540 3469 ipse
580 3379 661 3447 de
707 3401 779 3448 se
816 3373 1055 3448 fatetur
1086 3380 1228 3472 (2),
1256 3381 1691 3467 consuluerit,
1748 3403 1825 3452 ac
1879 3379 2087 3452 nimia
2124 3378 2197 3451 in
2232 3381 2329 3451 le·

387 3753 488 3828 (ι)
529 3748 702 3810 Initio
733 3747 1003 3832 epistolae
1036 3749 1111 3812 ad
1152 3752 1482 3814 Brunatiun
1507 3795 1525 3815 .

384 3860 482 3938 (2)
529 3859 600 3918 In
639 3873 852 3941 quanto
890 3883 930 3920 a
989 3885 1084 3922 me
1141 3863 1292 3944 dopo
1342 3875 1512 3924 avuto
1556 3865 1601 3923 l·
1620 3865 1877 3924 incontra
1914 3858 1983 3922 di
2035 3863 2323 3923 ventilare

299 3966 612 4046 anquanta
650 3987 684 4024 e
720 3967 825 4048 ρὶὰ
864 3967 1029 4027 mille
1067 3969 1248 4030 rotali
1267 4009 1283 4030 .
1331 3965 1402 4030 In
1437 3964 1745 4030 Prodromo
1776 3963 1930 4028 edito
1983 3982 2119 4025 ann.
2147 3965 2325 4026 1830.
