3125 4975
759 331 900 403 330
1469 274 1477 281 -
1688 340 1859 393 vrrs

757 488 944 547 mum
981 460 1122 557 ejus
1159 457 1368 552 ipsius
1409 453 1703 549 elogium
1726 506 1747 525 .
1776 457 1857 523 In
1902 449 2010 523 his
2050 450 2168 523 ille
2206 474 2279 525 se
2318 458 2645 549 expressit
2688 440 2805 531 οὗ-

753 578 1007 651 loribus
1043 575 1246 667 plane·
1275 570 1413 643 suis
1437 623 1454 639 .

865 695 1004 765 Has
1059 691 1326 761 easdem
1379 682 1869 757 eruditissimus
1924 680 2025 752 vir
2078 680 2428 751 Morellius
2482 684 2797 757 Venetiis

759 812 976 883 denuo
1011 804 1302 899 vulgavit
1337 826 1510 877 anno
1553 802 1727 894 1735
1750 798 2245 891 quadringentis
2285 799 2432 867 aliis
2472 800 2791 894 adiectis,

757 950 1034 1021 quanm
1072 924 1398 1015 plurimae
1435 920 1658 997 editae
1713 940 2077 1009 numquam
2132 934 2363 987 antea.
2406 918 2531 987 His
2568 922 2799 989 erudi-

755 1056 892 1113 tam
926 1036 1402 1131 praefationem
1441 1032 1821 1125 praeposuit
1844 1056 1881 1100 a
1921 1055 1993 1101 se
2030 1028 2397 1099 confectam
2418 1082 2438 1117 ,
2474 1056 2595 1103 nec
2625 1034 2799 1103 omi..

751 1153 842 1227 tit
877 1150 1226 1243 epistolam
1285 1150 1336 1216 F
1337 1146 1638 1217 oreellini
1694 1145 1947 1235 primae
1986 1134 2213 1216 earum
2266 1145 2544 1217 editioni
2594 1171 2793 1239 prae-

751 1270 1026 1345 missam
1051 1318 1068 1337 .
1109 1266 1218 1336 Ad
1255 1260 1693 1335 Forcellinum
1734 1261 1957 1331 redeat
1996 1260 2269 1329 historia
2301 1312 2320 1329 .

843 1387 972 1457 Hic
991 1436 1014 1471 ‚
1051 1401 1126 1453 ut
1159 1383 1375 1477 jussus
1410 1378 1625 1449 fuerat
1658 1404 1701 1449 a
1734 1382 1953 1465 Zeno,
1993 1377 2469 1470 praefationem
2524 1379 2791 1471 scripsit

751 1500 826 1579 in
861 1500 1146 1582 librum,
1183 1496 1368 1589 cujus
1407 1496 1514 1565 hic
1551 1510 1655 1565 est
1693 1494 1959 1566 titulus:

843 1644 882 1679 υ
928 1612 1292 1686 Biblioteca
1347 1608 1499 1679 deu’
1534 1607 1897 1698 eloquenza
1950 1606 2229 1678 italiana
2285 1607 2355 1676 di
2413 1608 2793 1699 monsignor

755 1758 793 1794 u
839 1726 1078 1797 Giusto
1129 1720 1480 1793 Fontanini
1535 1744 1659 1789 con
1716 1720 1781 1789 le
1820 1719 2235 1789 annotazioni
2278 1720 2386 1788 del
2425 1721 2547 1811 sig.
2604 1723 2787 1815 Apo..

747 1844 917 1913 stolo
953 1844 1186 1911 Zeno„
1211 1890 1236 1924 ,
1263 1861 1434 1930 quae
1469 1824 1783 1914 venetiis
1820 1862 1937 1929 per
1976 1856 2165 1929 typos
2208 1837 2456 1929 publici
2494 1837 2655 1931 juris
2694 1836 2793 1909 fa-

747 1971 856 2025 cta
893 1977 1044 2023 ann.
1091 1950 1261 2043 1753
1281 2002 1304 2035 ,
1342 1949 1577 2022 eodem
1618 1950 1935 2043 Apostolo
1972 1953 2110 2023 vita
2138 1948 2358 2021 functo
2387 2001 2404 2019 .
2444 1953 2525 2023 In
2564 1976 2641 2021 ea
2676 1949 2781 2021 fa-

743 2070 1074 2143 miliarem
1111 2068 1468 2163 quemdam
1505 2092 1878 2141 sermonem
1912 2066 2107 2139 refert
2144 2068 2451 2139 habitum
2489 2068 2574 2137 ab
2630 2069 2779 2161 ipso

745 2192 923 2279 Zeno
955 2188 1026 2259 in
1067 2186 1432 2261 domestico
1465 2188 1830 2259 amicorum
1870 2204 2101 2275 coetu3
2138 2204 2245 2273 et,
2284 2187 2445 2278 quid
2482 2186 2600 2257 ille
2638 2210 2777 2257 sen-

744 2304 904 2379 serit
943 2304 1024 2378 de
1063 2290 1186 2373 hoc
1223 2326 1422 2395 opere
1459 2328 1538 2375 ac
1578 2304 1661 2375 de
1701 2304 1883 2375 illius
1923 2320 2185 2375 auctore
2223 2304 2633 2392 clarissimo,
2671 2306 2777 2375 in-

745 2444 956 2516 genue
1011 2402 1314 2516 exponit.
1375 2424 1677 2499 Iudicem
1740 2446 1999 2518 quoque
2038 2425 2247 2496 texuit
2284 2447 2511 2496 eorum
2534 2478 2558 2513 ,
2606 2449 2775 2520 quae

743 2562 902 2634 prae
938 2541 1174 2612 ceteris
1213 2541 1380 2612 scitu
1419 2541 1621 2634 digna
1658 2542 1731 2612 in
1768 2541 2299 2612 annotationibus
2338 2543 2541 2628 Zeni,
2578 2567 2777 2635 quem

744 2671 814 2726 et
849 2655 1184 2732 viventem
1221 2653 1585 2746 plurimum
1620 2655 1867 2741 coluit,
1896 2670 1963 2724 et
1994 2672 2321 2728 mortuum
2346 2672 2777 2748 prosequutus

737 2789 844 2846 est
869 2791 1054 2864 grata
1091 2771 1579 2858 recordatione,
1606 2772 1925 2862 pristinae
1954 2774 2442 2846 consuetudinis
2478 2797 2729 2846 memor
2750 2829 2771 2846 .

829 2887 982 2958 Jam
1022 2906 1175 2952 vero
1221 2885 1452 2974 quanti
1493 2884 1609 2954 ille
1646 2883 2029 2971 habendus,
2070 2911 2273 2978 quern
2306 2887 2767 2957 litteratissimi

741 2996 867 3076 viri
905 3021 1168 3070 suorum
1207 2997 1508 3070 laborum
1547 2999 1803 3074 socium
1860 3002 2253 3092 habuerint,
2290 3022 2358 3074 et
2395 3005 2479 3076 ad
2525 3003 2771 3076 intima

741 3114 1018 3194 consilia
1071 3115 1503 3188 admiserint!
1566 3143 1763 3211 quem
1806 3119 2156 3192 absentem
2214 3126 2427 3192 Zenus
2468 3145 2625 3214 prae
2657 3145 2771 3194 ce·-

739 3233 896 3308 teris
933 3251 1004 3309 et
1033 3237 1370 3308 Lastesius
1399 3236 1599 3310 toties
1636 3239 1937 3329 epistolis
1974 3242 2111 3312 suis
2149 3241 2566 3314 ornaverint!

831 3348 963 3423 Sed
1001 3353 1143 3446 iam
1195 3354 1504 3427 Venetiis
1540 3357 1825 3428 discedit
1862 3358 2261 3428 Forcellinus
2298 3374 2563 3430 coactus
2608 3357 2776 3430 caeli

740 3462 922 3538 iltius
957 3463 1388 3559 intemperie.
1430 3473 1609 3542 Tum
1649 3471 1865 3544 varias
1902 3471 1999 3542 ire
2038 3471 2107 3542 in
2148 3472 2519 3563 provincias
2552 3471 2775 3564 coepit

736 3603 890 3655 cum
942 3581 1194 3652 venetis
1233 3583 1643 3673 praetoribus
1678 3639 1699 3672 ,
1738 3584 1979 3678 quibus
2030 3602 2172 3656 erat
2216 3586 2637 3671 carissimus,
2688 3599 2763 3656 et

741 3719 1045 3772 exercere
1079 3698 1329 3793 judicia
1367 3703 1784 3791 criminalia,
1823 3705 2197 3796 civiumque
2232 3705 2387 3776 lites
2422 3725 2769 3795 compone-

737 3836 854 3900 te,
887 3813 1016 3906 juri
1063 3812 1346 3886 dicundo
1385 3817 1793 3912 praefectus,
1830 3836 1897 3888 et
1930 3818 2203 3904 vicarii,
2240 3818 2339 3888 uti
2384 3817 2605 3911 ajunt,
2644 3841 2769 3908 po-

701 3939 980 4021 ‚oestate
1015 3926 1367 4030 insignitus
1387 3979 1407 4004 .
1461 3931 1637 4032 Mox
1670 3931 1743 4010 in
1790 3933 2225 4036 consultorem
2264 3931 2513 4009 electus
2564 3932 2772 4008 Man-,v
