3125 4975
722 332 929 413 'soan-
978 357 1349 411 merser
1386 353 1768 410 mammet
1803 358 2020 413 caan.
2247 340 2398 413 233·

355 499 554 555 antea
609 478 812 553 cessit
842 534 865 566 ‚
919 504 1119 572 quam
1173 499 1470 549 summus
1521 478 1828 551 Pontifex
1883 506 2034 552 eum
2073 482 2389 554 deterruit

357 600 643 692 imperio
680 598 1021 691 religionis
1062 598 1207 689 (1).
1246 594 1359 667 Bis
1397 592 1676 667 Romam
1715 622 1787 668 se
1824 599 2103 669 contulit
2137 601 2221 669 ad
2266 626 2384 673 va-

357 720 580 789 ticana
633 716 909 787 comitia
962 714 1404 804 celebrandag,
1460 715 1750 807 primum
1799 738 1948 785 cum
2003 718 2386 786 Innocentio

356 833 560 916 XIII,
607 846 757 922 post
791 847 941 901 cum
1006 824 1363 899 Benedicto
1414 829 1662 919 pariter
1711 826 1884 899 XIII
1919 830 2231 898 traditum
2287 843 2389 902 est

361 942 660 1034 regimen
701 939 995 1032 gentium
1021 939 1523 1023 christianarum
1550 992 1568 1007 .
1591 940 1911 1011 Omnium
1936 939 2068 1009 sibi
2088 940 2384 1009 devinxit

358 1056 621 1127 animos
675 1053 969 1123 moribus
1025 1051 1443 1137 mitissimis,
1477 1068 1545 1121 et
1585 1051 1666 1122 ad
1704 1076 1935 1145 pacem
1992 1053 2332 1145 propensis
2366 1104 2384 1121 .

361 1168 807 1259 Repentinam
848 1186 1056 1257 paene
1095 1180 1375 1233 mortem
1414 1161 1670 1235 Patavii
1711 1167 1993 1257 oppetiit
2039 1189 2386 1258 oppressus

370 1288 717 1357 rheumate
757 1286 864 1355 VI
894 1284 1037 1353 Cal.
1076 1282 1385 1351 Februar.
1427 1307 1531 1352 an.
1582 1286 1776 1375 173⁰·
1805 1284 2008 1355 Suum
2040 1307 2270 1374 corpus
2297 1284 2382 1353 si·-

367 1425 455 1470 ne
497 1399 690 1467 titulo
722 1396 915 1467 condi
950 1395 1155 1464 voluit
1190 1395 1522 1493 communi
1558 1397 2014 1487 episcoporum
2047 1396 2384 1486 sepulcro,

366 1533 442 1588 ut
480 1531 673 1585 antea
708 1515 1107 1608 jusserat,et
1144 1510 1399 1583 eo'loeo
1438 1514 1632 1605 poni,
1660 1515 1730 1582 in
1767 1538 1895 1605 quo
1927 1511 2180 1583 tamdiu
2211 1512 2391 1604 quie-

366 1646 600 1699 verant
635 1626 1027 1697 venerahilis
1066 1626 1166 1695 sui
1230 1625 1447 1717 patrui
1498 1650 1673 1695 ossa.
1710 1626 2002 1696 Robusta
2047 1643 2115 1695 et
2166 1624 2390 1715 ampla

364 1746 699 1832 oratione,
738 1768 905 1837 quae
950 1760 1179 1835 postea
1218 1743 1398 1814 edita
1435 1744 1920 1838 (2)‚.laudatus
1959 1760 2060 1814 est
2098 1767 2136 1814 a
2191 1742 2390 1815 Seba-

362 1864 581 1933 stiano
614 1866 947 1933 Franzono
988 1864 1355 1933 studiorum
1401 1864 1754 1937 seminarii
1811 1865 2104 1956 patavini
2143 1860 2393 1955 praefe-

360 1998 501 2066 ct0‚
561 1982 670 2051 die
732 1981 1070 2072 trigesima
1123 1982 1421 2053 Januarii
1466 1983 1533 2051 in
1575 1983 1950 2053 cathedrali.
1991 1982 2151 2052 aede
2195 1982 2388 2075 hujus

360 2093 545 2162 urbis
578 2146 593 2162 .
651 2098 719 2163 Is
756 2094 842 2163 ad
888 2095 1142 2163 exitum
1182 2093 1479 2187 ejusdem
1526 2097 1840 2165 orationis
1894 2096 2066 2167 hanc
2115 2095 2389 2166 exhibet

364 2210 637 2279 Joannis
674 2200 1003 2281 Francisci
1038 2212 1400 2303 imaginem
1425 2266 1445 2298 ,
1486 2236 1685 2305 quam
1725 2215 2005 2310 subjicio
2027 2268 2044 2284 .

460 2359 497 2394 υ
536 2331 721 2413 Hae,
757 2330 974 2421 inquit
992 2332 1019 2415 ,'
1048 2331 1252 2401 nostri
1290 2332 1631 2403 Antistitis
1669 2351 1737 2403 et
1769 2333 2166 2424 amplissimi
2200 2334 2385 2426 prin-

368 2472 409 2509 22
446 2440 615 2532 cipis
652 2440 833 2512 fuere
875 2443 1180 2531 virtutes,
1221 2445 1567 2536 pastoralis
1607 2448 1896 2516 muneris
1933 2464 2152 2538 partes
2207 2464 2388 2517 tran-

364 2589 405 2630 v
440 2560 647 2652 quillo
684 2585 945 2653 semper
980 2581 1047 2633 et
1081 2564 1279 2634 hilari
1316 2563 1501 2632 obire
1540 2563 1724 2633 vultu
1746 2591 1776 2632 :-
1805 2565 2014 2632 nullis
2041 2589 2251 2655 neque
2281 2565 2390 2634 iti-

362 2709 404 2747 »
438 2703 705 2767 nerum,
746 2705 957 2772 neque
994 2697 1465 2776 tempestatum
1504 2683 1704 2752 minis
1745 2683 2016 2769 cedere,
2051 2697 2203 2751 non·
2233 2683 2388 2752 hor-

358 2811 405 2868 'n
440 2799 586 2869 rida
625 2802 946 2871 montium
972 2803 1367 2890 cacumina,
1426 2828 1555 2874 non
1597 2804 1936 2896 perplexos
1974 2801 2246 2872 vallium
2283 2827 2394 2871 an-

364 2947 405 2986 n
440 2917 679 2990 fractus
712 2922 1210 3012 pertimescere3
1234 2947 1367 2992 non
1405 2939 1588 2995 aestu
1609 2965 1635 3009 ,·
1661 2915 1790 2993 non
1829 2921 2100 3016 frigore,
2129 2943 2259 2990 non
2297 2924 2393 2994 vi-

361 3063 401 3100 n
440 3033 658 3123 giliis,
692 3058 823 3102 non
850 3034 1086 3104 ceteris
1131 3035 1568 3106 incommodis
1599 3037 1898 3122 concuti,
1926 3053 2000 3106 ut
2017 3036 2198 3128 gregi
2228 3060 2388 3107 suae

370 3173 413 3220 τ’
450 3145 601 3215 fidei
640 3145 1081 3238 potestatique
1120 3149 1494 3219 concredito
1532 3151 1761 3220 sedulo
1795 3149 2168 3241 provideret
2193 3179 2230 3215 n
2260 3200 2279 3218 .

1050 3315 1709 3344 mmsmmmm

454 3455 559 3533 (1)
600 3456 789 3518 Brixia
844 3477 1003 3520 sacra
1058 3478 1190 3540 pag.
1224 3466 1364 3536 401.
1420 3459 1517 3520 De
1558 3457 1742 3520 thiara
1795 3471 1853 3518 et
1890 3477 2134 3541 purpura
2189 3473 2396 3522 veneta

371 3583 505 3646 pag.
548 3563 682 3644 295.
721 3565 949 3627 Decad.
973 3569 1083 3630 VI.
1122 3571 1448 3630 Franzonus
1489 3567 1656 3629 Orat.
1678 3566 1742 3626 in
1780 3567 1977 3627 funere
2013 3568 2186 3626 Joan.
2207 3567 2392 3628 Fran-

370 3669 515 3730 cisci
552 3669 856 3733 Barbadici
874 3719 889 3734 .
950 3673 1225 3738 Cat-della
1282 3658 1563 3740 Memorio
1630 3671 1876 3736 storiche
1937 3671 2034 3734 dei
2094 3670 2395 3736 cardinali

374 3774 563 3840 Tom.
598 3773 747 3835 VIII
786 3795 917 3858 pag.
966 3779 1094 3854 184.
1361 3771 1373 3782 ’

460 3875 558 3953 (2)
597 3877 819 3940 Patavii
857 3881 1006 3964 typis
1044 3884 1213 3944 Joan.
1253 3882 1417 3965 Bapt.
1458 3880 1726 3946 Conzatti
1767 3902 1901 3944 aun.
1944 3880 2094 3962 1730
2133 3889 2194 3940 et
2243 3874 2394 3967 1757

368 3995 506 4060 pum
541 3975 665 4040 aliis
706 3979 962 4062 ejusdem
990 3981 1338 4050 orationibus
1361 4028 1381 4049 .
