3125 4975
744 226 788 256 0·

761 348 900 443 528
1730 366 1899 427 nn
1950 386 1969 409 ·

767 506 900 573 tius
957 498 1280 592 poematis
1329 486 1519 571 stilus
1574 518 1677 571 est
1716 529 1733 569 :
1790 524 2069 592 magnus
2107 516 2322 571 rerum
2360 526 2439 573 ae
2486 520 2793 579 versuum

767 640 974 687 nexus
1001 670 1018 686 .
1058 616 1250 707 Quod
1289 616 1625 687 enimvero
1656 614 1925 687 difficile
1955 669 1971 685 .
2012 615 2159 685 Nec
2217 616 2437 686 minus
2474 618 2670 689 illud.
2708 625 2793 691 Iu

761 758 891 805 uno
930 749 998 801 et
1033 732 1266 801 eodem
1305 747 1498 799 cantu
1539 730 1757 799 exitus
1794 730 2159 831 carminum
2200 753 2462 820 semper
2498 734 2797 821 variant,

759 867 882 915 nee
935 868 1250 937 umquam
1303 843 1615 912 eumdem
1678 841 1965 911 referunt
2026 844 2096 911 in
2150 844 2444 913 cadendo
2504 864 2789 914 sonum.-

761 958 917 1029 Non
955 984 1086 1031 una
1121 975 1344 1026 tamen
1383 956 1546 1025 haec
1586 956 1910 1045 poematis
1948 956 2141 1050 hujus
2173 957 2315 1026 laus
2346 996 2365 1025 .-
2390 959 2495 1027 Ibi
2530 960 2801 1052 elegam

761 1078 897 1165 tia,
931 1094 998 1146 et
1039 1076 1392 1167 multiplex
1425 1074 1747 1145 eruditio:
1788 1075 1884 1143 ibi
1924 1076 2263 1167 ingeniosa
2304 1098 2517 1145 rerum
2556 1078 2785 1145 iuven-

759 1196 891 1282 tio,
927 1212 997 1265 et
1033 1194 1295 1284 sapiens
1334 1194 1580 1284 pariter
1618 1193 2035 1279 distributio,
2082 1194 2345 1265 vividae
2398 1195 2783 1285 descriptio-

759 1333 878 1379 nes
901 1363 922 1394 ,
962 1306 1235 1379 festivae
1271 1305 1638 1398 imagines»,
1668 1324 1862 1397 aptae
1888 1332 1927 1377 a
1966 1330 2036 1377 re
2076 1290 2407 1399 proposita
2444 1310 2789 1402 digressio-

755 1448 874 1495 nes
895 1476 916 1509 ,
945 1424 1185 1516 partim
1227 1421 1312 1505 ab
1347 1420 1661 1505 historia,
1692 1421 1937 1509 partim
1978 1421 2225 1511 petitae
2250 1446 2287 1490 a
2326 1421 2545 1493 fabula
2568 1472 2587 1491 .
2620 1423 2781 1496 Sua-

757 1542 948 1611 vitati
987 1544 1058 1610 in
1095 1538 1400 1609 omnibus
1440 1538 1651 1608 mixta
1690 1539 2019 1631 gravitas;
2051 1542 2121 1608 in
2160 1539 2467 1609 omnibus
2506 1542 2649 1611 sine
2684 1544 2783 1613 ul-

749 1654 818 1725 lo
856 1652 1002 1725 fuco
1037 1652 1334 1723 veritatis
1365 1652 1580 1721 color.
1638 1654 1881 1721 Poerna
1920 1674 2069 1721 cum
2138 1654 2369 1742 plausu
2424 1671 2779 1744 exceptum

751 1796 790 1841 a
824 1772 1078 1847 civibus
1115 1770 1464 1863 praecipue
1512 1768 1971 1857 feltrensibus3
2002 1770 2176 1861 quod
2213 1771 2481 1860 quidem
2520 1772 2647 1862 ipsi
2684 1790 2781 1843 te-

755 1891 912 1961 stati
951 1906 1104 1961 sunt
1141 1889 1424 1979 publicis
1461 1889 1703 1959 litteris
1744 1889 1828 1960 ad
1869 1904 2163 1959 auctores
2204 1888 2425 1958 missis
2449 1940 2466 1956 .

842 2009 1029 2098 Quae
1083 2005 1398 2077 hactenus
1427 2058 1449 2092 ‚
1497 2008 1903 2077 Foreellinus
1950 2008 2331 2077 eommunia
2352 2007 2587 2077 habuit
2624 2030 2781 2077 cuns

749 2126 1089 2209 Lastesi03
1133 2149 1299 2216 quae
1332 2125 1550 2196 dicam
1592 2143 1852 2215 postea,
1886 2142 2037 2195 sunt
2064 2123 2204 2219 ejus
2244 2126 2435 2194 unius
2472 2124 2733 2217 propria
2760 2178 2779 2195 .

745 2242 934 2313 Unus
981 2243 1308 2335 siquidem
1348 2244 1644 2333 ejusdem
1692 2244 1993 2335 Speronii
2034 2266 2247 2313 mores
2287 2268 2363 2314 ac
2402 2244 2621 2314 studia
2666 2268 2779 2315 ex-

745 2356 967 2447 posuit
995 2356 1246 2425 erudite
1283 2380 1545 2448 prorsus
1592 2375 1661 2428 et
1696 2374 1993 2427 accurate
2017 2366 2055 2425 .”
2076 2357 2481 2448 Opusculum
2514 2359 2641 2429 hoc
2678 2384 2777 2428 su·

749 2474 970 2565 spexit
1008 2474 1362 2566 plurimum
1404 2476 1715 2568 exquisiti
1756 2474 1987 2570 judicii
2022 2476 2121 2544 vir
2172 2478 2440 2546 Marcus
2477 2478 2777 2548 Foseare-

747 2609 907 2675 nus,
945 2589 1028 2658 de
1089 2613 1217 2680 quo
1255 2606 1447 2660 antea
1487 2589 1809 2674 diximus,
1848 2605 1917 2658 et
1974 2589 2215 2658 auctori
2268 2587 2469 2659 breve
2504 2591 2781 2681 quidem

748 2703 1033 2794 elogium
1079 2704 1324 2785 texuit,
1362 2701 1479 2770 sed
1519 2701 1738 2770 verbis
1776 2704 2049 2771 omnino
2092 2702 2647 2792 exprimentibus.
2704 2701 2769 2770 u

745 2820 974 2911 signor
1009 2819 1256 2886 Marco
1293 2818 1668 2888 Forcellini
1696 2821 1845 2910 (sio
1894 2821 2059 2910 ille)
2096 2822 2203 2910 (1)
2232 2819 2470 2890 scrIsse
2488 2845 2614 2890 con
2650 2820 2781 2889 im-

745 2927 1205 3022 pareggiabile
1239 2941 1659 3000 accuratezza
1706 2930 1777 2998 la
1822 2931 1959 3000 vita
1996 2930 2183 3002 dello
2224 2935 2275 3000 S
2266 2934 2503 3025 peroni
2524 2983 2541 3000 .

839 3047 1076 3136 Neque
1103 3045 1186 3115 de
1221 3045 1540 3138 Speronio
1580 3047 1789 3118 solum
1812 3099 1832 3134 ,
1868 3049 1984 3118 sed
2024 3049 2227 3118 etiarn
2259 3053 2341 3120 de
2368 3052 2613 3122 Joanne
2642 3051 2769 3120 Ca·-

635 3247 640 3252 ⁸
741 3185 814 3230 sa
853 3163 1104 3252 optime
1142 3165 1414 3233 meritus
1451 3163 1895 3234 Forcellinus.
1934 3166 2095 3259 Ejus
2134 3191 2297 3256 opus
2338 3170 2363 3255 (
2405 3167 2575 3257 quod
2612 3167 2771 3236 trito

741 3279 1057 3350 vocabulo
1098 3279 1151 3350 il
1191 3281 1598 3352 Camenis-ro
1630 3285 1659 3374 )
1694 3286 2077 3376 opportunis
2118 3285 2648 3354 annotationibus
2686 3285 2775 3354 il-

739 3395 1042 3467 lustravit
1079 3451 1098 3468 .
1157 3405 1305 3471 Non
1350 3401 1693 3474 defuerant
1729 3428 1883 3473 sane
1925 3405 2349 3494 interpretes,
2390 3419 2459 3470 at
2506 3403 2606 3471 illi
2635 3455 2659 3490 ,
2698 3417 2772 3475 ut

739 3515 865 3586 hoe
901 3540 1103 3586 unum
1144 3518 1398 3606 dicam,
1438 3539 1769 3593 auc-torem
1827 3522 2296 3614 intemperanti
2334 3545 2553 3592 rerum
2606 3544 2771 3590 con-

1758 3685 1769 3700 ι

1423 3729 1669 3760 mm
1672 3731 1912 3760 mm
1917 3731 2083 3760 mm

823 3868 920 3944 (1)
965 3867 1102 3935 Lib.
1145 3869 1206 3934 3.
1245 3871 1425 3934 Tum.
1465 3873 1495 3933 1
1535 3871 1690 3935 della
1726 3875 2057 3940 letter-atara
2096 3869 2405 3942 venetiam
2448 3889 2581 3952 pag.
2624 3870 2769 3936 553.

734 3987 898 4056 zum·
939 3973 1080 4042 523.

3112 1243 3125 1492 ——-—
3112 1157 3120 1214 —-
3109 1039 3120 1120 -—
3109 943 3120 1012 -.-
