3125 4975
1022 327 1419 381 emamus
1454 324 1786 381 sumu-1¹1
2277 316 2416 391 225

372 458 603 534 scendi
658 453 926 547 cupidi,
979 455 1098 525 sed
1137 453 1341 525 etiam
1398 452 1521 521 viri
1542 504 1561 522 .
1625 452 1942 547 Utrisque
1975 456 2232 549 quoties
2269 462 2432 557 ejus.

370 598 571 666 opera
631 566 1111 660 indiguissent,
1174 580 1436 657 praesto
1497 582 1641 633 erat
1709 568 1986 637 consilio
2032 574 2278 661 pariter
2337 593 2409 645 et

370 692 617 783 scripto
636 740 651 759 .
708 687 1031 776 Pleraque
1084 706 1170 753 ex
1204 682 1290 753 iis
1308 735 1330 768 ,
1368 704 1537 775 quae
1575 682 1926 775 scripserat
1947 737 1965 768 ,
2002 688 2208 759 latere
2263 714 2412 779 ma..

368 808 497 877 luit
532 806 563 897 (
600 820 671 873 ut
702 816 897 871 antea
937 796 1231 867 diximus
1271 796 1339 882 ),
1376 818 1578 903 quam
1617 796 1800 885 typis
1836 798 2070 885 edere,
2109 826 2240 869 non
2296 829 2410 872 so-

365 921 549 1003 lum,
584 904 763 1009 quod
796 909 1143 981 hominum
1177 908 1425 1003 judicia
1480 909 1984 997 extimesceret,
2022 912 2144 983 sed
2195 914 2404 987 etiam

364 1036 543 1127 quod
576 1033 851 1103 sentiret
888 1029 973 1098 de
1008 1050 1080 1096 se
1118 1026 1453 1111 demisse3
1494 1048 1613 1093 nec
1640 1024 1950 1095 litteratis
1981 1028 2140 1097 viris
2174 1030 2400 1121 ipsum

364 1148 455 1221 ad
492 1147 563 1216 id
600 1140 1013 1215 hortantibus
1050 1137 1282 1207 cessit.
1322 1138 1545 1207 Multa
1583 1162 1736 1207 vero
1773 1138 2022 1227 edidit,
2060 1167 2252 1214 suum
2289 1170 2402 1214 no-

366 1284 524 1330 men
562 1253 1071 1347 anagrammate'
1092 1249 1433 1319 involvens
1461 1301 1478 1318 .
1506 1248 1659 1322 Suis
1691 1250 2234 1326 obtrectatoribus
2264 1280 2398 1326 non

370 1369 713 1463 respondit
751 1364 916 1437 ⁸licet
949 1364 1291 1435 lacessitus
1310 1415 1327 1431 .

362 1516 371 1527 ·
456 1486 747 1559 Pecunia
778 1482 1194 1567 abundabat,
1224 1482 1287 1551 ei
1326 1498 1551 1551 tamen
1583 1480 1859 1553 minime
1887 1484 2186 1557 addictus
2219 1505 2392 1561 erat.

364 1610 513 1677 Hac
548 1602 903 1673 multorum
940 1600 1210 1691 largiter
1239 1598 1610 1679 sublevavit
1641 1599 1933 1692 inopiam
1957 1655 1972 1671 .
2014 1602 2390 1677 Beneficum

364 1723 617 1795 veroin
650 1719 887 1812 primis
925 1743 997 1788 se
1034 1718 1341 1809 praebuit
1378 1718 1642 1787 cuidam
1691 1716 2026 1807 familiae,
2065 1746 2232 1813 quae
2271 1726 2390 1794 Pa-

362 1837 611 1911 tavium
664 1857 735 1905 se
796 1849 1132 1923 receperat
1182 1856 1219 1901 a
1276 1830 1499 1902 Gallia
1554 1832 1830 1903 extorris
1853 1885 1870 1902 .
1911 1834 2150 1905 Eidem
2195 1838 2388 1910 statis

356 1947 797 2041 temporibus,
834 1945 1155 2038 quamdiu
1188 1938 1392 2029 vixit,
1430 1968 1775 2016 numerare
1805 1947 2036 2018 solitus
2067 1968 2207 2021 erat
2243 1976 2388 2023 cer-

356 2086 495 2139 tam
530 2088 949 2137 nummorum
1001 2063 1141 2132 vim
1178 2114 1200 2149 ,
1258 2079 1332 2131 ut
1397 2086 1514 2152 pro
1573 2064 1746 2133 vitae
1811 2090 1966 2137 suae
2012 2069 2388 2143 conditione

360 2202 587 2279 posset
606 2186 881 2253 honeste
918 2183 1153 2275 degere
1174 2233 1191 2252 .
1230 2180 1600 2253 Plurimum
1637 2207 1894 2277 quoque
1925 2185 2206 2258 subsidii
2244 2214 2399 2263 con..

352 2299 517 2367 tulit
548 2297 621 2365 in
658 2292 992 2386 pios'usus
1020 2346 1039 2367 .

448 2414 597 2488 Nec
634 2436 949 2506 umquam
1002 2412 1337 2500 cessabat,
1392 2413 1696 2518 quamvis
1749 2414 2045 2505 quotidie
2090 2435 2381 2513 surgeret

226 2535 243 2546 “
351 2529 523 2604 bene
576 2551 803 2599 mane.
864 2527 1245 2600 Domestico
1288 2527 1580 2598 inclusus
1616 2527 1958 2614 cubiculo,
1995 2531 2198 2602 etiam
2256 2557 2380 2624 po-

352 2643 618 2714 stremis
670 2641 859 2712 annis
906 2663 977 2711 se
1022 2663 1095 2710 se
1144 2639 1521 2716 oblectabat
1558 2640 1824 2711 assidua
1871 2641 2188 2729 lectione,
2219 2647 2375 2714 scri-

337 2762 563 2856 ptione
600 2814 621 2847 ,
690 2759 1249 2831 commentatione
1288 2812 1305 2827 .
1356 2759 1551 2834 Nihil
1613 2759 1929 2849 temporis
1989 2759 2367 2851 patiebatur

342 2878 669 2950 inutiliter
704 2877 835 2947 sibi
874 2877 1087 2964 elabi,
1134 2901 1337 2969 quam
1374 2878 1672 2950 maxime
1706 2875 2002 2948 infensus
2039 2877 2174 2948 otio
2197 2930 2214 2948 .
2269 2879 2370 2949 A-

339 2997 463 3068 deo
492 3015 713 3068 autem
752 3019 1221 3088 nonnunquam
1259 3013 1403 3066 erat
1449 2997 1521 3066 in
1552 3021 1773 3069 rerum
1809 2995 2206 3089 cogitatione
2243 2996 2368 3068 dc-

334 3113 499 3188 fixus
521 3167 541 3198 ,
578 3131 652 3183 ut
688 3115 1029 3204 loquentes
1077 3112 1357 3182 minime
1395 3115 1687 3184 audiret.

428 3226 538 3295 Ad
572 3225 955 3318 religionem
1004 3226 1181 3316 quod
1218 3227 1457 3296 attinet
1475 3279 1497 3312 ‚
1559 3226 1988 3296 vehementer
2031 3223 2368 3298 afficieba-

336 3357 443 3408 tur
480 3337 597 3406 ille
634 3335 773 3432 ejus
802 3339 1021 3407 studio
1042 3391 1064 3424 ,
1088 3338 1247 3438 quin
1278 3338 1488 3408 immo
1524 3361 1750 3424 sensu,
1791 3337 1874 3407 de
1911 3337 2146 3408 eadem
2184 3338 2368 3410 iden-

336 3455 546 3526 tidem
603 3455 783 3547 loqui
830 3457 1063 3527 solitus
1084 3509 1103 3527 .
1158 3459 1267 3528 Ab
1328 3459 1413 3528 iis
1468 3455 1864 3529 abhorrebat
1884 3509 1905 3542 ,
1963 3456 2078 3548 qui
2118 3457 2188 3526 in
2234 3457 2362 3528 hoe

330 3596 462 3641 non
498 3571 669 3640 bene
708 3572 1043 3642 audirent.
1062 3573 1212 3643 Pati
1240 3597 1371 3642 non
1408 3587 1664 3662 poterat
1698 3570 2104 3666 juventutem
2133 3571 2219 3642 ad
2248 3593 2364 3642 eos

323 3683 670 3768 accedere,
734 3707 1014 3775 eamque
1062 3682 1149 3752 ab
1203 3683 1369 3775 ipsis
1405 3705 1676 3753 avocare
1717 3681 2014 3754 tentabat
2047 3707 2200 3755 cura
2247 3682 2359 3752 in-

316 3795 541 3888 genti,
597 3819 681 3864 ne
728 3819 956 3866 eorum
994 3795 1505 3883 consuetudine,
1542 3797 1799 3889 integra
1848 3794 2356 3887 depravarentur

318 3907 588 4006 ingenia
609 3960 626 3980 .
681 3909 979 4075 Aliquot5
1006 3926 1343 4004 praeterea
1385 3909 1593 3987 libros
1651 3910 1726 3984 in
1777 3909 2010 3986 italam
2055 3907 2354 3999 linguam

895 4023 925 4073 ι
1202 4059 1209 4066 .
