3125 4975
1032 287 1312 352 soszpi'n
1348 299 1614 352 ‘marm
2190 279 2334 388 393

301 429 714 503 tentissimas
752 426 1060 524 ejusdem
1123 430 1422 515 Europae
1477 427 1871 498 Academias
1908 429 2063 521 (1),
2098 447 2169 502 et
2224 435 2339 507 ads

295 551 542 620 missae
569 549 835 618 lunares
867 545 1024 616 illae
1061 545 1356 635 periodi,
1373 568 1538 638 quas
1570 543 1657 614 ab
1676 545 1821 640 ejus
1848 549 2116 620 nomine
2136 553 2337 624 Toal.

296 664 490 735 dinae
523 675 802 733 vocant.

389 776 516 848 His
573 774 946 847 continetur
982 779 1230 844 certum
1269 769 1603 865 quoddam
1642 772 1959 863 temporis
2003 745 2335 868 spatium,

305 895 484 987 quod
523 895 642 964 ille
667 890 1036 960 nominavit
1069 891 1312 973 Saros,
1351 867 1721 964 Chaldaeos
1758 891 2057 962 imitatus
2092 893 2188 964 sic
2226 920 2338 986 ap-

299 1007 626 1098 pellantes
671 1003 1126 1096 duodeviginti
1184 1027 1500 1074 annorum
1559 1001 1885 1074 ambitum
1932 1006 2341 1080 indicantem

299 1119 646 1210 eclipsium
686 1106 980 1189 reditum
1012 1169 1036 1202 ,
1083 1131 1151 1192 et
1205 1107 1759 1206 circumagentem
1814 1120 2203 1209 duodecim,
2262 1139 2337 1194 ut
2430 1143 2433 1146 ’

304 1236 530 1331 ajunt,
569 1238 766 1309 lunae
799 1235 1048 1328 pimcta
1069 1283 1088 1310 .
1129 1234 1705 1324 Quemadmodum
1744 1261 1897 1308 vero
1931 1241 2337 1333 soaph-pro

302 1373 484 1424 certo
542 1355 834 1426 habehat
852 1407 872 1439 ‚
929 1350 1156 1427 lunam
1213 1375 1406 1444 agere
1459 1353 1530 1424 in
1590 1357 2121 1448 atmosphaeram
2158 1413 2181 1447 ‚
2240 1359 2339 1432 ita

303 1472 434 1540 sibi
497 1473 661 1542 illud
704 1489 1150 1564 persuaserat,
1189 1472 1430 1543 iisdem
1487 1474 1911 1546 redeuntibus
1948 1477 2144 1548 lunae
2176 1501 2341 1567 pun·-

226 1639 264 1650 --
303 1591 474 1677 ctis·‚
513 1593 820 1677 easdem,
854 1607 1049 1684 atque
1087 1605 1326 1676 antea,
1365 1591 1689 1664 redituras
1730 1587 2200 1692 tempestatum
2231 1596 2337 1667 vi-

302 1729 416 1776 ces
437 1757 454 1774 .
495 1705 704 1796 quue
763 1704 1176 1795 experientia
1231 1721 1300 1776 et
1333 1703 1909 1779 observationibus
1946 1710 2339 1782 meteorolo-

301 1820 470 1912 gicis
505 1819 842 1892 nitebatur
879 1818 1160 1909 probare
1191 1867 1208 1892 0

379 1934 662 2006 Protulit
693 1932 1012 2005 nimirum
1056 1931 1350 2006 tabulam
1386 1951 1540 2004 ann.
1586 1933 1752 2025 1781
1800 1933 2035 2026 gallico
2071 1951 2141 2006 et
2176 1935 2338 2008 italo

298 2075 602 2124 sermone
639 2051 1012 2143 expositam
1032 2103 1055 2137 ‚
1095 2058 1266 2142 quae
1324 2051 1889 2142 complectebatur
1929 2052 2057 2124 tria
2108 2053 2341 2150 hujus-

307 2173 494 2242 modi
532 2167 747 2261 spatia
809 2170 1164 2260 temporis,
1217 2169 1359 2240 sive
1419 2171 1657 2240 Saros.
1714 2171 1897 2241 Haec
1941 2171 2165 2265 itaque
2226 2174 2337 2244 de-

307 2283 754 2369 monstrabat,
801 2284 944 2374 pari
985 2305 1302 2360 annorum
1326 2282 1781 2356 vicissitudine
1816 2283 2171 2382 contigisse
2197 2309 2343 2377 pro-

307 2404 666 2497 pemodum
705 2425 892 2494 pares
939 2402 1164 2492 vicen
1211 2425 1404 2494 pares
1456 2401 1731 2494 inquam
1751 2453 1773 2487 ‚
1839 2424 1971 2472 non
2024 2425 2339 2491 numero,

307 2523 430 2592 sed
467 2522 686 2613 aliqua
725 2538 978 2596 tantum
1017 2522 1508 2610 similitudine3
1547 2520 1725 2614 quod
1790 2536 2012 2589 tamen
2058 2521 2220 2591 satis
2273 2547 2345 2593 o-

310 2635 562 2706 stendit
601 2636 842 2706 vim-et
879 2638 1210 2710 actionem
1247 2636 1444 2710 lunae
1469 2686 1486 2707 .

399 2750 588 2822 Hanc
625 2749 742 2822 illc
779 2750 967 2819 novis
1006 2772 1270 2839 semper
1298 2745 1868 2821 observationibus
1902 2743 2177 2837 probare
2206 2760 2341 2816 stu-
2402 2740 2407 2746 ’

307 2865 492 2950 duit,
529 2883 598 2936 et
641 2867 791 2935 aliis
833 2866 1226 2961 persuadere
1251 2870 1445 2938 ..Hac
1475 2883 1700 2938 mente
1726 2890 1855 2936 non
1883 2858 2141 2956 pauca,
2172 2884 2343 2954 quae

312 2980 663 3072 eollegerat
689 3034 710 3070 ,
767 2981 850 3051 ad
923 2981 996 3050 id
1069 2982 1437 3071 spectantia
1474 3033 1496 3066 ,
1553 2977 1895 3049 referenda
1950 2976 2201 3047 curavit
2268 2976 2344 3046 in

313 3092 674 3167 litterariae,
709 3094 968 3169 Rozieri
1006 3095 1508 3189 ephemeridas,
1569 3093 1639 3162 in
1677 3107 1945 3164 venetas
1982 3114 2060 3160 ac
2104 3078 2345 3172 viceti-

1001 3324 1663 3361 mmmmm

397 3495 498 3573 (ι)
541 3492 644 3556 Ad
661 3492 1623 3587 berolinensem,·petroburgensem
1645 3536 1663 3567 ,
1698 3485 2095 3551 londinensem
2115 3535 2134 3564 ,
2154 3488 2342 3561 bono-

324 3602 588 3663 niensem
608 3642 628 3673 ,
648 3602 1004 3685 patavinam.
1031 3601 1370 3685 Adscriptus
1407 3614 1694 3683 praeterea
1729 3598 1838 3660 fuit
1875 3594 2342 3675 meteorologicae

326 3708 588 3769 societati
611 3752 630 3785 ,
669 3730 812 3790 quae
850 3710 1200 3772 Manheimi:
1242 3724 1302 3770 et
1356 3708 1615 3771 societati
1652 3706 1839 3790 regiae
1887 3700 2292 3786 monspeliensi
2312 3742 2337 3773 ,

325 3821 432 3869 nec
493 3829 614 3869 non
668 3809 888 3871 duabus
929 3811 1284 3873 utinensibus
1304 3855 1324 3885 ,
1359 3790 1767 3873 'oeconomIcae
1804 3808 2025 3871 scilicet
2062 3818 2121 3868 et
2172 3820 2336 3884 agra-

321 3910 442 3975 riae
465 3950 486 3985 ,
525 3910 746 3996 nejensi
787 3912 1014 3979 demum
1053 3934 1120 3977 ac
1157 3912 1464 3997 spalatensi
1479 3956 1496 3977 .
