3125 4975
2114 358 2345 409 xxxut

295 482 456 557 ximi
497 478 663 575 (1)!
733 477 976 551 Doluit
1005 475 1410 549 exanimem
1453 488 1534 547 'ae
1598 474 1929 569 jacentem
1978 476 2341 549 Antonium

297 598 646 669 Marinum
687 592 1118 665 cardinalem
1173 591 1508 673 Priolurn,
1545 591 2105 681 spectatissimum
2161 596 2345 667 vice-

293 718 468 788 tinae
505 734 586 787 et
627 715 985 807 patavinae
1023 712 1346 783 dioecesis
1387 711 1868 783 moderatorem
1918 714 2025 805 (2)
2058 714 2076 783 1
2146 719 2341 787 Mos-

295 852 404 905 tuo
449 834 842 927 parentavit
879 833 1260 904 Alexandro
1318 829 1650 921 Papasava
1714 826 2025 923 episcopo
2080 832 2341 907 famau-

295 969 580 1043 gustano
625 950 775 1043 (3)!
819 950 853 1040 (
905 935 1112 1042 Cujus
1152 946 1246 1016 rei
1315 945 1628 1015 meminit
1694 946 2047 1019 honorifice
2114 968 2341 1023 auctor

301 1066 594 1161 insignis
633 1066 854 1159 operis
891 1066 978 1137 de
1045 1064 1238 1135 fastis
1292 1059 1618 1133 ecclesiae
1684 1066 2073 1154 patavinae,
2138 1092 2341 1161 quem

297 1187 602 1257 nominis
632 1183 1020 1255 celebritate
1063 1181 1468 1276 jampridem
1517 1198 1747 1253 notum
1769 1236 1792 1268 ‚
1830 1208 1961 1253 non
2018 1202 2157 1270 est,
2224 1211 2339 1259 cur

293 1320 720 1397 praesentem
752 1302 1068 1373 laudibus
1105 1324 1416 1371 exornem
1459 1302 1567 1389 (4)
1602 1304 1669 1391 ).
1712 1302 1933 1373 Sensit
1970 1304 2325 1395 ingenuam

305 1418 458 1510 eius
493 1415 878 1485 facundiam
915 1415 1338 1503 interpretem
1377 1438 1454 1483 ac
1501 1414 1813 1485 nunciam
1874 1418 2117 1506 publici
2163 1444 2337 1489 moe-

315 1529 492 1603 roris
528 1550 766 1615 magna
805 1520 872 1595 et
907 1526 1178 1595 illustris
1214 1526 1432 1595 anima
1468 1526 1595 1595 viri
1632 1528 1981 1599 clarissimi
2017 1534 2333 1603 Antonini

321 1638 672 1712 Valsechii
698 1694 719 1726 ‚
775 1664 968 1731 quem
1029 1664 1286 1709 summa
1325 1638 1564 1713 habuit
1616 1644 2084 1715 consuetudine
2120 1664 2189 1713 et
2234 1644 2335 1716 fa·-

315 1752 702 1823 miliaritate
732 1752 1152 1847 conjunctum
1195 1755 1350 1844 (5);
1387 1776 1650 1827 sensere
1686 1756 1963 1827 exuviae
2024 1784 2101 1829 ac
2156 1760 2335 1829 cine-

309 1887 417 1935 res
487 1866 724 1957 optimi
791 1866 1114 1936 antistitis
1183 1867 1402 1958 gregis
1477 1869 1819 1961 patavini,
1886 1874 2331 1945 amantissimi

300 2000 642 2069 aegrorum
699 1980 906 2070 patris
947 1980 1214 2051 Nicolai
1281 1982 1554 2052 Antonii
1608 1985 1963 2067 Justiniani
2002 1990 2151 2079 (6);
2190 2012 2333 2057 sen-

299 2095 744 2175 uissetetiam
781 2098 994 2175 elatus
1031 2098 1274 2173 feretro
1313 2098 1415 2169 vir
1453 2100 1793 2191 piissimus
1846 2106 2135 2177 Joannes
2199 2110 2327 2177 Ba-

996 2334 1324 2362 m

401 2495 502 2576 (ι)
546 2497 709 2556 Haec
747 2495 1004 2557 funebris
1030 2497 1274 2561 laudatio
1315 2497 1511 2558 habita
1541 2500 1604 2560 in
1639 2501 1779 2562 aede
1800 2500 2109 2566 cathedrali
2134 2495 2330 2588 patav.⁸

295 2605 456 2686 typis
501 2603 805 2667 seminarii
845 2602 998 2664 edita
1037 2618 1121 2665 est
1156 2625 1292 2666 ann.
1344 2607 1492 2686 1769
1531 2605 1596 2664 in
1638 2611 1693 2682 4.
1718 2651 1738 2679 ,
1777 2627 1945 2686 qaam
1966 2609 2090 2690 ipse
2128 2627 2328 2691 postea

289 2709 626 2772 emendavit
665 2725 834 2792 atque
873 2713 1032 2773 auxit
1051 2758 1074 2788 ‚
1104 2727 1306 2796 utpote
1345 2713 1514 2774 nimis
1551 2733 1787 2795 propere
1825 2713 1984 2795 prius
2032 2714 2330 2776 elucubra-

289 2825 413 2874 tam
451 2827 514 2875 et
549 2835 582 2874 e
621 2813 880 2875 mnibus
908 2835 1082 2898 prope
1103 2829 1410 2901 ‘ereptam3
1451 2827 1514 2876 ut
1549 2813 1747 2878 videre
1792 2827 1878 2876 est
1914 2815 1978 2876 in
2018 2813 2139 2897 ejus
2172 2815 2331 2882 Mssa

285 2941 436 3000 quae
481 2920 546 2981 in
586 2935 782 2982 nostra
817 2921 1166 2986 bibliotheca
1207 2936 1508 2986 servantur
1523 2943 1546 2983 ·.

363 3026 478 3104 (2)
521 3026 692 3084 Hanc
719 3024 953 3108 publice
979 3037 1200 3086 tantum
1231 3027 1665 3108 pronunciavit,
1685 3048 1789 3088 nec
1812 3025 1999 3088 emisit
2019 3027 2081 3086 iu
2110 3025 2332 3090 lucem:

363 3133 476 3212 (5)
523 3133 686 3192 Haec
731 3131 912 3194 oratio
949 3131 1146 3192 habita
1189 3132 1252 3192 in
1290 3133 1432 3194 aede
1487 3133 1801 3194 cathedrali
1848 3146 2041 3217 patav.
2078 3134 2149 3194 X
2192 3132 2327 3195 Cal.

280 3230 480 3291 Mart.
543 3254 678 3294 ann.
747 3255 937 3316 1770,
987 3256 1103 3294 una
1167 3255 1298 3295 cum
1335 3237 1456 3296 vita
1499 3235 1751 3316 ejusdem
1793 3235 2045 3320 episcopi
2096 3237 2329 3318 vulgata

281 3337 400 3397 fuit
445 3339 662 3398 Patavii
705 3341 857 3424 typis
887 3341 1193 3404 seminarii
1233 3365 1369 3404 ann.
1419 3364 1566 3429 ¹792,
1605 3343 1662 3402 in
1706 3353 1763 3418 4.

365 3447 484 3528 (4)
528 3445 681 3512 Vide
721 3449 876 3510 Serie
914 3450 1569 3534 Cronologi00·istorica
1622 3447 1719 3510 dei
1778 3439 2063 3510 canonici
2106 3449 2168 3511 di
2218 3451 2335 3525 Pas

274 3545 438 3613 deva
477 3569 614 3632 pag.
665 3551 792 3630 173.

359 3655 470 3737 (5)
537 3657 706 3720 Haec
762 3660 946 3721 oratio
1003 3659 1278 3745 impressa
1336 3659 1488 3743 typis
1527 3657 1831 3724 seminarii
1892 3657 2151 3742 patavini
2191 3667 2331 3733 aum,¹

281 3781 428 3840 ¹79¹
477 3759 544 3820 in
581 3767 646 3837 4.

370 3863 468 3938 (G)
507 3861 738 3928 Prodiit
775 3861 919 3925 haec
957 3863 1138 3926 oratio
1177 3885 1251 3926 ex
1309 3862 1509 3928 eadem
1557 3849 1932 3948 'typographia
1988 3881 2124 3922 anu.
2176 3859 2328 3943 1796

265 3957 342 4026 ’ΞΒ
379 3969 444 4038 4.

669 4047 713 4092 *
737 4045 774 4087 ὴ
795 4047 832 4092 ἡ
