3125 4975
948 387 1183 436 neom
1226 385 1638 448 memora-rr
2191 364 2320 450 ωδ

266 519 450 597 nesls
490 514 683 585 rebus
722 526 791 581 et
824 510 1185 602 implicatis
1239 524 1374 594 tarn
1409 506 1584 591 clare
1623 506 2000 599 scripsisset
2050 512 2126 581 ac
2174 527 2312 589 tam

272 658 593 705 concinne
621 685 638 701 .

362 758 463 825 Ita
508 775 696 823 suam
751 749 923 821 hane
978 748 1265 819 Iacobus
1317 746 1596 817 ornabat
1645 746 1907 840 egregie
1958 747 2306 842 Spartam,

269 894 469 969 quam
508 865 769 937 dimisit
795 862 921 931 sub
958 862 1227 932 initium
1265 860 1421 935 anni
1470 860 1642 953 1740
1679 886 1830 930 cum
1870 862 2110 931 eadem
2151 845 2306 931 fuisss

270 1004 372 1059 set
425 978 925 1073 meta'physicae
981 978 1353 1049 consociata
1392 1032 1408 1047 .
1472 982 1662 1047 'Punc
1729 996 1994 1049 senatus
2052 980 2314 1051 decreto

273 1104 558 1187 scribere
586 1101 803 1195 jussus
839 1115 939 1169 est
976 1096 1273 1190 patavini
1294 1097 1651 1187 Gymnasii
1690 1097 2081 1195 historiam,
2112 1124 2312 1189 quam

279 1239 469 1307 antea
507 1220 860 1310 scripserat
905 1215 1367 1308 Papadopolus
1409 1269 1424 1303 ·.
1480 1220 1640 1293 Erat
1685 1216 1811 1285 h'oc
1848 1208 2008 1300 sane
2039 1241 2320 1310 magnae

280 1333 687 1421 difficultatis
722 1332 1063 1423 negotium
1086 1383 1107 1415 ‚
1145 1345 1287 1399 tum
1326 1330 1483 1420 quia
1520 1329 1812 1425 plurima
1851 1330 2124 1401 deerant
2171 1356 2318 1401 mo-

279 1462 641 1530 numenta,
678 1460 822 1513 turn
857 1442 1015 1534 quia
1068 1440 1277 1513 multa
1314 1462 1399 1509 ex
1435 1440 1521 1508 iis
1542 1494 1562 1525 ,
1604 1465 1772 1533 quae
1805 1468 1938 1512 non
1991 1444 2306 1539 deerant,

283 1582 477 1645 erant
516 1581 652 1633 tam
688 1564 978 1646 incerta,
1016 1559 1277 1629 confusa
1298 1613 1319 1646 ‚
1368 1558 1686 1657 ambigua
1709 1611 1731 1646 ,
1771 1577 1846 1629 ut
1883 1562 2136 1632 nullam
2198 1562 2316 1638 ‹le-2

293 1695 589 1771 tegerent
626 1677 709 1747 ad
751 1700 974 1755 verum
1008 1674 1183 1743 viam
1216 1725 1233 1741 .

384 1792 561 1863 Hinc
598 1791 711 1861 ille
751 1788 973 1880 coepit
1027 1788 1361 1878 undique,
1400 1810 1846 1880 quascumque
1885 1788 2138 1881 potuit,
2186 1812 2323 1861 rue-2
2355 1812 2364 1823 ·

282 1914 527 2001 naor-ias
568 1911 825 2001 legere,
871 1931 958 1977 ex
994 1906 1239 1998 quibus
1280 1906 1547 1975 dirueret
1580 1932 1746 1997 quae
1786 1924 2016 1999 postea
2070 1906 2322 1976 scribe..

288 2042 429 2111 ret,
466 2048 549 2095 ne
588 2021 950 2095 divinando
986 2038 1285 2091 narraret
1307 2072 1322 2088 .
1353 2020 1500 2090 Suis
1536 2022 1690 2111 ipse
1729 2021 2049 2114 impensis
2087 2022 2324 2090 instru-

290 2145 391 2213 xit
429 2143 871 2227 tabularium,
911 2158 1055 2209 tum
1094 2162 1165 2208 se
1213 2138 1299 2208 ad
1336 2142 1736 2217 exarandam
1775 2142 2121 2211 historiam
2169 2164 2319 2213 cons.-

290 2258 449 2326 tulit
473 2308 491 2325 .
528 2257 683 2328 Non
722 2254 1187 2333 resumendum
1227 2270 1295 2322 et
1346 2255 1866 2335 continuandum
1929 2257 2198 2327 alterius
2254 2282 2334 2371 ⁰7

296 2393 467 2461 pus,
505 2370 621 2451 sed
659 2392 799 2439 rem
839 2392 925 2435 ex
958 2368 1209 2457 integro
1247 2366 1668 2439 reficiendam
1710 2369 2006 2460 putavit,
2044 2388 2327 2461 eamque

302 2489 606 2580 expediit
644 2512 760 2578 per
805 2487 1117 2578 quosdam
1156 2489 1361 2558 veluti
1392 2485 1634 2573 fastos,
1661 2487 1745 2556 ab
1784 2511 2011 2557 eorum
2050 2487 2321 2581 regium

302 2631 387 2682 ne
426 2607 691 2696 ductos,
716 2607 831 2712 qui
858 2607 1275 2696 studentibus
1302 2607 1568 2702 praefici
1609 2607 1822 2694 solent
1859 2606 1928 2694 in
1970 2630 2172 2694 annos
2199 2607 2330 2674 sin..

302 2721 487 2811 gulos
511 2773 531 2806 ,
1312 2710 1321 2724 ’
1663 2805 1700 2817 —

387 2841 489 2910 Ac
524 2841 815 2934 primum
884 2843 1155 2935 quidem
1222 2845 1445 2917 edidit
1490 2863 1760 2938 sumptu
1819 2870 1936 2915 suo
1997 2839 2344 2918 duodecim

299 2963 551 3032 erudita
588 2978 1011 3056 syntagmata
1034 3018 1053 3050 ,
1087 2965 1269 3036 unde
1306 2956 1505 3038 totius
1534 2969 1850 3038 historiae
1879 2982 2142 3058 caperet
2175 2989 2360 3056 qua«-

303 3075 356 3153 εἰ
397 3099 589 3146 omen
620 3128 637 3145 .
659 3077 787 3148 His
825 3095 1032 3147 totam
1055 3081 1423 3169 Gymnasii
1466 3085 1788 3152 rationem
1811 3137 1831 3168 ‚
1858 3083 2174 3174 originem
2201 3133 2222 3164 ‚
2247 3079 2349 3147 in·-

308 3189 569 3273 stituta,
604 3190 783 3282 leges
822 3208 891 3261 et
929 3216 1203 3264 munera
1253 3197 1618 3286 explicuit,
1659 3197 1812 3265 dein
1872 3194 2073 3269 fastos
2122 3217 2238 3284 pro
2253 3210 2374 3262 tu.-

305 3303 427 3389 lit,
464 3305 579 3376 ubi
612 3309 683 3377 in
720 3311 948 3380 multis
984 3313 1285 3403 pleniora
1321 3316 1818 3400 desiderantur,
1853 3313 2203 3406 aliquando
2240 3331 2332 3388 et-.

307 3423 445 3510 iam
500 3426 801 3517 mitiora3
859 3455 1222 3522 numquam
1282 3450 1505 3504 tamen
1572 3432 1940 3523 elegantia,
1994 3449 2064 3502 et
2115 3433 2340 3524 expri-.

304 3541 527 3609 mendi
568 3565 869 3635 quaeque
908 3543 1193 3617 facilitas
1232 3563 1301 3618 et
1340 3546 1606 3617 ubertas
1647 3545 2032 3632 verborum3
2071 3569 2156 3616 ex
2209 3569 2338 3636 quo

307 3651 421 3738 fit,
468 3673 541 3724 ut
576 3675 843 3726 coactus
880 3659 1113 3730 eadem
1156 3663 1261 3733 vel
1300 3661 1551 3734 centies
1592 3661 1810 3731 dicere
1839 3715 1863 3746 ,
1917 3659 2192 3730 mirifice
2240 3658 2348 3726 di·-

306 3768 595 3848 ctionem
650 3776 901 3864 variet,
961 3796 1029 3848 et
1074 3780 1307 3852 eadem
1340 3781 1520 3860 dicat
1550 3757 1830 3872 semper!
1855 3778 2123 3872 quidem
2155 3791 2347 3866 apte,

190 3933 205 3944 .
306 3883 507 3973 prodo
548 3909 697 3957 vero
738 3915 867 3959 non
908 3893 1105 3983 plane
1143 3895 1375 3965 eodem
1406 3955 1422 3970 .
2099 3880 2106 3898 ³

398 3999 595 4091 Anno
632 4005 929 4092 tamdem
972 4007 1145 4100 1755
1183 4010 1286 4087 IX
1322 4007 1465 4088 Cal.
1505 4008 1777 4080 Sextilis
1817 4004 2200 4076 missionem
2237 4023 2350 4106 1³⁰·-
