3125 4975
812 344 952 428 '290'
1730 340 1898 399 vrrA

803 487 905 539 ter
928 466 1180 538 eminet
1201 518 1222 551 ,
1243 463 1355 557 qui
1395 482 1546 535 tune
1577 480 1877 556 praeerat
1908 462 2239 553 parmensi
2276 462 2630 550 ecclesiae,
2656 486 2843 539 eam-³

797 602 928 674 que
965 579 1258 651 maxime
1309 578 1623 663 ornabat,
1666 576 2193 668 sapientissimus
2230 580 2493 667 praesul
2526 578 2833 651 Adeoda.

797 716 900 768 tus
939 698 1227 782 Trachi,
1269 720 1401 767 non
1460 697 1706 765 virtute
1758 696 1981 766 minus
2020 694 2407 787 spectabilis
2450 719 2653 788 quam
2704 724 2829 769 au..

797 818 927 886 reis
967 817 1232 909 scriptis
1251 872 1272 904 ‚
1301 841 1380 889 ac
1415 817 1631 886 solida
1690 815 2009 908 religione
2062 799 2495 906 plenissimis.
2534 818 2603 888 Is
2644 816 2825 887 affir-

793 934 1022 1005 mabat
1050 920 1318 1006 solitum
1353 941 1429 1005 se
1467 932 1671 1006 fuisse
1701 934 2021 1005 Jacobum
2048 918 2361 1039 'prosequi'
2394 933 2633 1003 intimo
2668 960 2831 1027 quo..

789 1049 946 1121 dam
985 1048 1499 1120 existimationis
1537 1056 1735 1140 atque
1765 1048 2207 1118 venerationis
2244 1056 2475 1133 semu,-
2500 1050 2669 1138 quod
2698 1074 2823 1119 ex..

787 1165 1048 1233 imiam.
1072 1150 1391 1256 pietatem·
1427 1172 1578 1232 eum
1631 1161 1897 1255 ingenio
1934 1162 2355 1255 conjungeret
2390 1174 2651 1251 prorsus
2707 1186 2815 1231 ra..

783 1301 855 1346 ro
893 1270 1133 1369 (1).-1d
1163 1302 1316 1347 eum
1356 1271 1766 1367 praestitisse
1804 1273 2153 1367 apparebit
2184 1300 2271 1347 ex
2305 1279 2453 1370 ejus
2484 1276 2818 1367 moribus,

783 1396 866 1464 de
904 1396 1142 1487 quibus
1181 1406 1391 1489 pauca
1430 1404 1605 1467 nune'
1642 1394 1915 1467 afferam·
1938 1450 1957 1467 .

869 1498 1123 1603 Magna
1193 1514 1334 1581 erat
1383 1512 1502 1582 ille·
1553 1512 1731 1581 vitae
1784 1511 2197 1603 integritate,
2236 1518 2305 1581 et‘
2358 1509 2807 1599 continentia}

773 1638 844 1695 εἴ
876 1630 1180 1718 quamvis
1219 1628 1496 1699 Parmae
1532 1642 1683 1700 cum
1722 1630 1954 1698 aulicis
1993 1630 2249 1699 tamdiu'
2302 1614 2538 1713 fuerit,
2576 1631 2811 1701 dome-

666 1826 672 1833 ·
779 1740 950 1809 stice
1003 1758 1154 1810 cum
1192 1738 1330 1809 illis
1376 1741 1647 1825 vixerit,
1690 1740 1859 1809 nihil
1898 1756 2121 1809 tamen
2160 1742 2232 1807 iri
2268 1730 2425 1827 illo,
2462 1744 2635 1832 quod
2676 1744 2817 1813 Au..

772 1859 910 1941 lam·
967 1858 1266 1945 saperet.-
1323 1844 1480 1927 Non·
1537 1872 1745 1925 tectus
1782 1857 2085 1943 animus5
2123 1876 2255 1927 non·
2290 1858 2481 1927 fictus*
2536 1860 2755 1931 vultus
2782 1915 2805 1948 ‚

747 1994 895 2039 mon
951 1981 1255 2058 arrogans
1307 1978 1569 2037 sermo.
1624 1968 1923 2039 Noverat
1966 1964 2239 2062 quidem·
2290 1984 2363 2041 se
2422 1974 2687 2043 doeturn
2728 1992 2803 2045 et·

765 2086 1094 2155 ‘eruditum
1135 2084 1396 2173 haben-33·
1439 2086 1526 2155 ab
1561 2086 1721 2156 elati
1762 2096 1985 2157 tamen*
2048 2088 2256 2157 animi
2294 2112 2535 2175 sensu,
2587 2106 2660 2160 et
2694 2091 2799 2163 fa..-

763 2218 870 2274 'stu
908 2196 1289 2272 abhorruit.·
1321 2190 1477 2273 Non
1515 2202 1710 2273 illum
1766 2204 2007 2274 extulit
2058 2204 2381 2276 honorum
2442 2207 2791 2298 splendor,

762 2330 895 2387 non
954 2316 1181 2409 populi
1237 2318 1573 2405 studium,
1640 2330 1775 2389 non'
1838 2317 2021 2390 favor
2064 2320 2437 2413 principum
2471 2363 2499 2409 ς
2550 2337 2679 2395 n'on·
2713 2351 2791 2395 o-

759 2435 1018 2506 mnium
1059 2437 1328 2528 plausus
1362 2436 1468 2532 (2)
1493 2476 1514 2509 .-

851 2554 932 2620 In
985 2543 1355 2644 deligendis
1411 2552 1647 2622 amicis
1700 2554 2005 2645 sapiens,
2043 2533 2114 2622 in
2154 2539 2445 2626 colendis
2504 2541 2789 2649 diligens

757 2659 888 2734 fuit
923 2719 942 2734 .
981 2667 1404 2737 Franciscum·
1447 2669 1771 2737 Trentum
1810 2667 2130 2738 utinensis
2170 2670 2487 2742 ecclesiae
2538 2691 2785 2745 metro-

759 2775 1092 2874 politanae
1127 2785 1557 2870 canonicum,
1590 2785 1807 2856 virum·
1843 2787 2165 2858 eximium
2189 2842 2211 2874 ‚
2236 2807 2303 2860 et
2341 2793 2619 2884 insignis
2648 2794 2788 2885 pie-

755 2899 912 2968 tatis
969 2895 1147 2964 fama
1181 2897 1631 2986 ‚conspicuum
1653 2935 1675 2983 ‚-
1715 2899 2047 2971 viventem
2090 2903 2566 2992 admiratione,
2604 2931 2780 2977 mor-

754 3030 940 3083 tuum
980 3029 1408 3104 prosequutus
1469 3031 1573 3083 est
1610 3015 1793 3086 italis
1832 3019 2329 3113 epigrammatis
2368 3047 2451 3094 ex
2490 3041 2785 3118 tempore

754 3128 918 3202 fusis
938 3185 959 3218 ‚
997 3149 1066 3204 et
1119 3134 1357 3204 intimo
1395 3125 1623 3210 dolore
1662 3138 2021 3228 expressis.
2050 3141 2237 3211 Idem
2279 3131 2585 3214 omnibus
2623 3147 2780 3215 sub-

747 3247 922 3318 sidio
959 3270 1136 3340 erat,
1173 3255 1312 3325 sive
1341 3273 1676 3347 rogaretur
1710 3281 1830 3348 per
1859 3259 2155 3348 litteras,
2186 3263 2325 3358 sive
2362 3279 2627 3354 coram'3
2661 3265 2773 3336 iis-

745 3391 874 3464 que
913 3370 1287 3459 indicabat,
1323 3399 1446 3466 per
1479 3401 1648 3469 quae
1684 3391 1954 3470 possent
1988 3381 2059 3450 in
2098 3369 2335 3452 studiis
2374 3386 2715 3476 progredi.
2760 3443 2765 3449 .

747 3519 754 3526 ·
839 3483 948 3554 De
1003 3490 1336 3559 communi
1395 3490 1571 3561 bono
1630 3493 1953 3565 sollicitus
1992 3497 2417 3572 vehementer
2470 3501 2767 3588 obstitit,

1420 3698 2079 3732 mmmmm

726 3933 734 3944 .
835 3861 939 3941 (ι)
979 3857 1358 3927 commentar.
1399 3865 1498 3926 eit.
1537 3887 1672 3951 pag.
1720 3868 1852 3931 162.

829 3963 930 4046 (2)
973 3963 1122 4029 lbid.
1161 3986 1291 4052 pag.
1333 3969 1464 4050 154.
