3125 4975
793 362 951 418 XXX

789 478 1336 559 monstrantium,
1387 492 1742 563 eorumque
1796 466 2072 541 rotunda
2128 482 2195 541 et
2258 468 2665 564 negligenter
2702 492 2807 543 ac-

798 613 1022 669 curata
1057 594 1142 663 ad
1201 610 1544 659 numerum
1586 584 1981 655 constructio
2030 586 2349 677 quasique
2416 604 2811 672 concentus,

796 732 994 801 quem
1033 703 1336 795 frequens
1373 724 1470 799 ‘ac
1529 698 1862 773 maximus
1899 697 2099 775 totius
2152 700 2485 771 concionis
2542 700 2809 791 plausus

791 820 1348 915 consequebatur,
1383 818 1542 889 illae
1592 817 1915 908 imagines
1962 817 2268 887 decenter
2322 836 2671 904 venustae,
2732 818 2813 887 fi-

793 964 991 1033 gurae
1046 941 1329 1010 latenter
1405 938 1667 1007 vividae
1726 960 1804 1009 ac
1873 959 2078 1029 prope
2130 938 2533 1008 verecundae
2564 990 2588 1024 ,
2621 961 2812 1007 orna.

787 1072 1015 1127 menta
1051 1054 1196 1123 sine
1229 1052 1377 1121 fuco
1417 1068 1486 1121 et
1523 1048 1915 1135 insolentia,
1952 1049 2191 1141 quibus
2230 1075 2617 1142 conspersae
2662 1053 2809 1145 ejus

787 1174 1119 1244 orationes
1157 1194 1234 1243 ac
1269 1169 1661 1241 nobilitatae
1720 1170 2316 1261 exsplendescunt?
2351 1174 2449 1242 Ac
2512 1196 2596 1242 ne
2664 1174 2815 1263 quis

785 1288 951 1361 haec
990 1284 1156 1357 forte
1193 1309 1232 1355 a
1281 1306 1390 1359 me
1441 1299 1832 1374 exaggerata
1870 1300 2065 1375 atque
2104 1283 2505 1375 amplificata
2536 1308 2681 1354 esse
2719 1311 2823 1354 ar-

786 1404 1106 1489 bitretur,
1169 1402 1559 1491 exemplum
1626 1398 1892 1489 aliquod
1948 1395 2182 1467 afferre
2246 1399 2482 1485 liceat,
2536 1416 2603 1468 et
2671 1424 2817 1469 rem

799 1532 1183 1609 argumento
1219 1513 1590 1585 certissimo
1626 1512 2009 1582 confirmare
2035 1562 2051 1580 .
2091 1513 2442 1601 Quodnam
2496 1536 2649 1582 vero
2708 1538 2824 1604 po-

795 1633 930 1705 tius
969 1632 1154 1703 vobis
1193 1654 1551 1721 proponam
1574 1682 1596 1713 ,
1632 1654 1832 1719 quam
1873 1628 2039 1697 illud
2076 1650 2160 1695 ex
2198 1630 2490 1697 oratione
2556 1630 2823 1699 desum-

789 1761 980 1837 ptum
1017 1743 1214 1833 paulo
1255 1760 1406 1811 ante
1440 1754 1957 1811 commemorata
1994 1738 2311 1807 adversus
2349 1740 2617 1808 vitiosos
2668 1766 2821 1829 poe-

787 1876 890 1933 tas
955 1882 1310 1949 eorumque
1365 1860 1823 1932 immodicam
1892 1856 2245 1929 libidinem
2309 1856 2668 1927 adhibendi
2745 1859 2819 1929 in

786 1974 924 2049 suis
960 1965 1364 2047 carminibus
1397 1970 1668 2063 profana
1694 1974 1985 2043 Deorum
2024 1971 2296 2043 nomina
2332 1994 2483 2043 cum
2513 1971 2817 2045 maximo

785 2090 1142 2176 dedecore,
1181 2106 1251 2160 et
1287 2107 1669 2181 contemptu
1706 2114 1899 2161 verae
1936 2089 2320 2183 religionis?

877 2232 916 2266 v
960 2206 1062 2274 Ita
1103 2224 1190 2271 ne
1226 2204 1428 2271 vero?
1465 2205 1494 2293 (
1515 2204 1611 2273 sic
1650 2202 1831 2273 enim
1870 2202 2035 2293 ille)
2072 2202 2247 2293 quod
2292 2226 2617 2295 nusquam
2658 2222 2765 2275 est
2801 2258 2825 2291 ,

797 2320 970 2413 quod
1008 2343 1270 2410 prorsus
1315 2344 1601 2409 vanum,
1660 2322 1892 2407 futile,
1936 2322 2511 2407 commentitium,
2569 2325 2829 2413 poterit

795 2452 867 2506 et
907 2434 1327 2531 majestatem
1379 2436 1579 2510 rebus
1635 2436 1856 2508 afflare
1887 2490 1912 2524 ‚
1956 2454 2026 2508 et
2072 2421 2546 2523 audientibus,
2569 2438 2679 2508 vel
2727 2440 2835 2510 le-

791 2555 1096 2646 gentibus
1133 2556 1975 2629 delectationemafferre?
2009 2557 2264 2647 Ecquid
2329 2555 2540 2644 magis
2582 2556 2833 2628 ridicu-

787 2669 929 2738 lum
967 2657 1037 2740 et
1075 2669 1440 2740 absurdum
1463 2724 1484 2756 ,
1513 2695 1724 2761 quam
1771 2672 1844 2739 in
1880 2673 2101 2753 Deos,
2138 2685 2213 2737 ut
2247 2669 2344 2736 ita
2382 2667 2605 2736 dicam
2637 2722 2660 2754 ,
2699 2671 2829 2740 eri-

791 2811 945 2877 gere
973 2841 995 2872 ,
1035 2813 1196 2877 quos
1235 2787 1520 2858 fatemur
1555 2811 1701 2858 esse
1736 2789 1949 2858 larvas
1989 2788 2219 2857 inanes
2278 2785 2540 2879 penitus
2582 2805 2655 2858 et
2708 2816 2837 2861 va-

789 2923 981 2982 cuas,
1021 2917 1087 2967 et
1127 2901 1212 2968 ab
1249 2899 1627 2991 hujusmodi
1666 2901 1865 2970 larvis
1904 2901 1974 2968 in
2015 2903 2319 2992 periculis
2372 2926 2572 2992 opem
2644 2923 2833 2996 pete-

787 3015 908 3082 re?
939 3001 1167 3082 abhis
1192 3013 1544 3103 implorare
1577 3015 1951 3086 ubertatem
1978 3016 2234 3109 frugum
2260 3071 2281 3104 ‚
2320 3034 2386 3088 et
2421 3017 2827 3092 felicitatem

790 3131 1220 3220 nuptiarum?
1258 3131 1342 3202 ab
1379 3131 1486 3202 his
1523 3135 1940 3204 securitatem
1976 3137 2273 3224 itineris,
2298 3162 2648 3230 prosperos
2686 3143 2831 3213 bel-

787 3242 1000 3312 lorum
1039 3246 1255 3314 exitus
1279 3296 1302 3332 ‚
1359 3247 1741 3319 commodas
1780 3253 2253 3342 tempestates?
2287 3252 2502 3324 larvas
2540 3255 2672 3326 has
2710 3283 2835 3329 ve·-

789 3358 1006 3445 netari
1077 3377 1146 3432 et
1197 3361 1464 3434 colere?
1511 3363 1619 3434 his
1656 3381 1881 3436 ventos
1919 3383 1989 3435 et
2046 3367 2374 3435 elementa
2420 3367 2762 3464 subjicere
2806 3374 2835 3441 ?

791 3473 900 3548 his
937 3477 1010 3548 in
1047 3503 1170 3550 res·
1195 3505 1424 3552 omnes
1461 3509 1795 3554 summum
1834 3478 2189 3576 imperium
2254 3485 2515 3556 tradere
2580 3505 2653 3559 et
2712 3489 2835 3560 do-

791 3589 1122 3662 minatum
1171 3595 1201 3662 ?
1251 3586 1619 3692 Ferendum
1668 3597 1793 3667 hoc
1862 3597 1935 3668 in
1988 3598 2277 3689 antiquis
2336 3614 2597 3688 utpote.
2642 3604 2831 3691 quod

789 3733 940 3790 cum
1008 3711 1272 3784 illorum
1329 3715 1646 3818 religione
1682 3717 2037 3790 cohaerens
2072 3770 2090 3787 .
2153 3719 2403 3790 Pudeat
2440 3743 2602 3787 vero
2640 3745 2827 3794 nunc

787 3829 1090 3902 tenebras
1154 3835 1640 3922 comminisci,
1702 3863 1853 3908 cum
1918 3838 2140 3909 omnia
2216 3840 2289 3911 in
2356 3831 2617 3909 tan'tam
2670 3841 2827 3912 evi-

784 3943 1054 4022 dentiae
1113 3947 1332 4026 lucem
1416 3953 1745 4026 eraserint
1786 3981 1811 4047 3
1879 3953 2127 4051 pudeat
2158 4007 2185 4047 ,
2251 3975 2403 4025 cum
2470 3974 2637 4026 veta
2710 3979 2829 4028 re·
