3125 4975
704 338 831 401 vm
950 382 963 393 .

712 462 920 557 gloria
944 476 1165 531 nostra
1200 459 1395 529 valde
1430 456 1700 527 solliciti
1731 458 1901 530 illud
1938 462 2284 535 tamdem⁰
2265 488 2336 535 ιιι
2361 465 2574 539 lucem
2603 486 2750 561 p‘ro-

660 586 665 593 ’
718 579 861 649 dire
898 573 1139 645 debeat
1172 596 1337 664 opus
1374 572 1704 663 integrum
1751 589 1818 642 et
1853 574 2267 663 absolutum,
2305 582 2479 671 quod
2515 608 2554 653 a
2603 586 2746 656 viro

715 687 1285 785 praestantissimo
1322 684 1776 757 elucubratum
1809 685 1938 761 fnit
1973 704 2042 759 et
2077 689 2508 783 inscriptum:
2547 695 2744 767 Vitae

730 807 1037 877 Virorum
1074 803 1443 875 illustrium
1480 806 1530 873 S
1528 805 1840 876 emittar-ii
1883 806 2222 899 patavini,
2257 809 2502 881 idcirco
2539 812 2738 885 officii

722 920 857 989 mei
915 941 1065 989 esee
1130 917 1291 987 duxi
1346 917 1474 988 boc
1527 918 1792 1009 publice
1835 935 1930 989 ’et
1987 920 2372 993 solemniter
2427 925 2738 996 omnibus

716 1032 1224 1131 praenunciare,
1240 1048 1311 1101 et
1346 1030 1908 1123 spectatissimum
1943 1058 2190 1107 senem
2203 1037 2342 1109 suis
2378 1038 2742 1111 lineamen-

715 1147 803 1217 tis
839 1170 1221 1239 expressum
1259 1168 1341 1215 eo
1349 1144 1624 1215 honore
1661 1143 1956 1235 afficere,
1985 1172 2114 1242 quo
2151 1149 2298 1243 ipse
2334 1151 2499 1224 alio·
2536 1152 2738 1243 digne

713 1289 793 1337 ac
828 1264 1179 1363 splendide
1212 1262 1628 1337 honestavit.

1686 1502 1744 1575 1.

701 1740 740 1781 ⁶-
800 1736 1165 1827 Ingenuum
1203 1732 1467 1805 dicendi
1506 1757 1710 1825 genus
1773 1732 1943 1803 illud
1997 1732 2334 1843 intelligo,
2389 1733 2564 1824 quod
2603 1756 2732 1815 nou

712 1848 1007 1919 moribus
1044 1848 1313 1917 noxium
1333 1899 1356 1932 ,
1388 1870 1519 1916 non
1558 1845 1974 1937 peregrinum
2004 1897 2027 1930 ,
2062 1868 2196 1931 non
2233 1846 2532 1915 inflatum
2558 1897 2580 1933 ,
2619 1871 2730 1919 ne-

706 1989 835 2057 que
872 1966 1281 2050 involutum,
1316 1966 1433 2035 aed
1470 1966 1800 2055 integrum
1820 2017 1842 2050 ,
1881 1966 2097 2034 nitens
2159 1963 2484 2037 coloribus
2537 1965 2673 2041 suis
2703 2018 2726 2054 ‚

704 2083 1033 2155 sincerum
1074 2094 1269 2175 atque
1308 2084 1728 2175 perspicuum
1767 2107 1852 2153 ex
1904 2082 2170 2175 ingenio
2207 2083 2412 2155 simul
2466 2108 2544 2155 ac
2589 2083 2728 2153 vir‘-

712 2216 894 2289 tute,
930 2202 1180 2293 duplici
1218 2201 1405 2293 quasi
1456 2200 1710 2291 origine
1767 2198 2233 2290 proficiscitur,
2272 2217 2346 2271 ut
2399 2202 2726 2293 profluens

698 2342 739 2389 a
776 2314 957 2388 fonte
994 2318 1211 2389 amnia
1226 2320 1380 2411 ‚qui
1420 2320 1602 2389 nulla
1641 2332 1910 2389 externa
1947 2318 2357 2389 admixtione
2383 2337 2722 2410 corruptus

701 2432 1039 2525 aequabili
1077 2434 1305 2526 lapsu,
1352 2455 1600 2524 auoque
1629 2430 1966 2526 perlucido
2002 2432 2262 2524 liquore
2322 2430 2725 2502 intuentium

702 2547 923 2616 oculos
958 2549 1249 2620 suaviter
1284 2547 1574 2633 detinet,
1614 2563 1682 2614 et
1741 2545 2016 2614 mirifice
2082 2544 2372 2616 oblectat
2407 2597 2424 2614 .
2489 2550 2724 2638 Imago

693 2663 878 2734 enim
915 2665 1123 2736 animi
1170 2687 1299 2736 vox
1335 2681 1437 2733 est
1472 2687 1549 2731 ac
1595 2685 1812 2732 sermo
1830 2692 1852 2750 3
1891 2684 2091 2752 quare
2127 2662 2352 2732 virtuti
2375 2661 2588 2754 ‘atque
2627 2666 2724 2734 in-

704 2779 937 2870 genio,
974 2799 1143 2868 quae
1182 2777 1309 2846 duo
1346 2792 1500 2844 sunt
1536 2774 1806 2864 plurimi
1845 2774 2254 2845 aestimanda
2278 2773 2488 2846 animi
2525 2777 2723 2845 deco-

694 2917 808 2978 ra,
848 2893 1239 2983 respondeat
1258 2905 1553 2980 oportet,
1585 2906 1658 2960 ut
1693 2891 2010 2982 ingenuus
2035 2908 2103 2961 et
2138 2891 2457 2962 habeatur
2487 2908 2554 2962 et
2581 2892 2706 2962 ait.

698 3007 889 3093 Quae
924 3005 1257 3097 praeclara
1294 3002 1561 3073 dicendi
1599 3003 1811 3090 ratio,
1849 3005 2020 3074 sicut
2054 3007 2294 3076 oratori
2333 3001 2612 3076 cuilibet
2649 3023 2717 3077 et

692 3118 1033 3210 scriptori,
1086 3117 1181 3188 ita
1218 3117 1604 3209 praesertim
1659 3101 1894 3210 poetae
1939 3117 2315 3190 adhibenda
2375 3135 2478 3188 est
2519 3145 2536 3186 ε
2605 3119 2713 3190 hic

704 3237 888 3306 enim
907 3290 929 3323 ,
965 3261 1118 3308 cum
1156 3235 1463 3330 prodesse
1505 3237 1746 3308 debeat
1771 3255 1837 3306 et
1875 3237 2202 3309 oblectare
2251 3238 2394 3331 (1),
2431 3237 2560 3305 nisi
2598 3236 2724 3306 vir-

696 3367 907 3424 tutem
946 3355 1187 3427 habeat
1222 3372 1299 3428 ut
1333 3357 1540 3450 prosit
1558 3410 1583 3442 ‚
1619 3371 1689 3427 et
1727 3355 2015 3428 vividam
2069 3354 2475 3448 imaginandi
2531 3355 2710 3438 vim,

692 3487 771 3572 tu
814 3472 1132 3563 oblectet,
1170 3501 1529 3568 numquam
1567 3475 1811 3568 poterit
1846 3477 2166 3548 excellere
2185 3529 2207 3562 ‚
2257 3489 2369 3546 aut
2413 3474 2703 3564 aliquam

1705 3681 2032 3712 mm

778 3851 879 3930 (ι)
916 3853 1217 3918 Poetarum
1254 3865 1341 3917 est
1373 3873 1409 3916 v
1428 3853 1521 3917 Ec
1544 3853 1812 3938 J’ucunda
1851 3863 1916 3914 et
1951 3853 2162 3944 idonea
2201 3831 2403 3912 dicere
2447 3851 2655 3912 vitae»
2679 3863 2706 3914 ἐ

1797 3959 2002 4024 Horat.
2030 3973 2152 4022 art.
2191 3970 2346 4043 poet.
2383 3977 2442 4024 v.
2484 3959 2628 4050 554.
