3125 4975
776 342 1003 401 XXXVI

774 465 1031 533 tutibus
1070 462 1138 531 in
1186 459 1454 553 hujusce
1491 458 1623 528 loci
1659 458 1852 529 initia
1887 475 2176 531 mentem
2216 452 2816 557 cogitationemque

779 579 1047 661 defixit,
1097 592 1164 643 et
1204 575 1431 649 dolens
1493 574 1712 665 plures
1776 567 1951 643 viros
2019 577 2649 674 commemorat-ione
2706 582 2813 651 di-

782 722 980 787 gnos,
1021 694 1132 785 qui
1174 694 1282 760 hic
1314 692 1439 761 ’alti
1492 710 1559 760 et
1597 694 1860 761 educati
1899 693 1983 761 ad
2020 691 2216 784 hujus
2257 693 2586 766 domicilii
2637 699 2814 769 cele-

780 813 1091 883 britatem
1139 812 1496 903 plurimum
1528 812 1973 898 contulerunt,
2005 792 2402 906 jampridem
2456 836 2676 885 carere
2713 818 2814 889 hi-

789 934 1028 1001 storiae
1067 933 1251 1017 luce,
1292 932 1591 1022 flagravit
1627 931 1844 999 studio
1903 956 1978 1001 ac
2027 931 2356 1002 desiderio
2413 956 2813 1028 persequen-

788 1048 855 1115 di
892 1048 1113 1117 latinis
1153 1046 1390 1116 litteris
1428 1070 1650 1115 eorum
1695 1046 1999 1129 nomina,
2049 1049 2591 1139 proponendique
2654 1066 2818 1121 ante*

783 1164 1006 1233 oculos
1060 1180 1425 1245 nostrorum
1476 1158 1994 1229 adolescentium
2033 1211 2054 1246 ,
2100 1176 2434 1252 tamquam
2469 1163 2540 1232 in
2581 1162 2810 1237 tabula

784 1283 1040 1374 egregie
1106 1280 1282 1371 picta
1318 1334 1339 1367 ‚
1396 1279 1670 1348 totidem
1707 1277 2066 1367 spectanda
2129 1264 2532 1350 domesticae
2593 1284 2810 1353 laudis

786 1414 1253 1479 monumenta,
1293 1417 1461 1485 quae
1498 1392 1628 1482 ipsi
1668 1390 1929 1460 assidue
1967 1408 2308 1467 cernerent
2345 1410 2414 1463 et
2465 1395 2813 1467 imitaren-

784 1524 927 1583 tu‘r:
971 1516 1143 1607 quod
1181 1539 1343 1606 opus
1382 1528 1564 1581 tanta
1605 1534 1944 1601 aggressus
1981 1528 2082 1581 est
2127 1536 2280 1583 cura
2327 1530 2394 1582 et
2429 1513 2747 1586 industria
2788 1569 2813 1606 ,

784 1650 858 1701 ut
898 1632 1371 1725 exspectationi
1422 1631 1826 1721 plenissime·
1861 1630 2299 1715 satisfecerit,
2365 1656 2563 1722 quam
2615 1652 2815 1706 antea

784 1756 867 1823 (ie
909 1777 979 1819 se
1026 1752 1465 1822 concitaverat
1528 1750 1726 1819 editis
1793 1750 2178 1841 praesertim
2237 1750 2387 1818 vitis
2443 1750 2809 1821 Alexandri

784 1864 1117 1957 l'apafava
1172 1847 1462 1955 episcopi
1512 1866 1634 1956 (1)
1683 1918 1704 1950 ,
1771 1878 1839 1933 et
1901 1864 2004 1932 Pii
2072 1866 2174 1933 VI
2231 1864 2564 1933 Pontificis
2633 1888 2815 1934 sum-

795 1986 889 2052 mi
942 1988 1091 2075 (2),
1132 1984 1301 2052 sicut
1363 1983 1443 2051 ad
1484 2006 1782 2050 normam
1834 1997 2230 2069 ceterarum,
2299 2005 2458 2073 quas
2499 1983 2815 2073 deinceps

794 2094 1087 2193 vulgaret
1121 2156 1135 2170 .
1177 2099 1525 2171 Undenam
1571 2124 1722 2169 vero
1763 2102 1926 2169 tanti
1986 2101 2207 2191 operis
2261 2102 2477 2192 potius
2541 2101 2814 2173 exordia

787 2232 1113 2301 sumeret,
1144 2238 1339 2306 quam
1392 2214 1476 2282 ab
1516 2238 1630 2299 e0,
1681 2236 1874 2304 quem
1912 2236 2173 2304 semper
2209 2213 2277 2283 i'n
2337 2215 2558 2283 animo
2603 2266 2620 2299 ,
2685 2212 2814 2284 fre·

788 2344 1061 2420 quenter
1098 2329 1166 2397 in
1206 2352 1315 2398 ore
1356 2327 1644 2397 habebat
1677 2381 1698 2415 ,
1739 2328 1844 2396 cui
1897 2325 2226 2397 referebat
2277 2347 2616 2420 acceptum
2671 2354 2804 2398 non

783 2444 995 2514 solum
1037 2442 1416 2512 stabilimen
1458 2442 1727 2535 hujusce
1789 2440 1972 2524 loci,
2033 2456 2102 2510 et
2159 2442 2734 2533 amplificationem
2787 2495 2809 2528 ,

778 2581 1005 2626 nerum
1046 2558 1249 2626 etiam
1287 2557 1726 2628 constantiam
1749 2557 1777 2639 ,‘
1810 2571 2006 2644 atque
2071 2556 2236 2624 adeo
2296 2557 2810 2646 perpetuitatem

754 2675 865 2744 -ob
904 2679 1015 2745 eas
1062 2679 1290 2766 leges,
1350 2700 1512 2765 quas
1569 2673 2066 2763 sapientissime
2133 2675 2408 2760 sanxit,
2465 2691 2810 2765 tamquam

780 2795 973 2864 bases
1014 2794 1273 2862 immoti
1316 2793 1641 2878 aedificii,
1681 2818 1719 2861 a
1758 2793 1928 2877 viro,
1969 2794 2240 2884 inquam
2277 2846 2296 2876 ,
2359 2793 2744 2862 doctissimo
2783 2848 2806 2882 ,

759 2891 1037 3004 'pastore
1078 2911 1585 2998 vigilantissimo
1611 2963 1631 2996 ,
1665 2927 1848 3002 patre
1874 2913 2328 2981 amantissimo
2339 2965 2361 2997 ,
2402 2914 2604 2981 Beato
2643 2911 2809 2982 Gre—

788 3023 965 3116 gorio
1019 3015 1382 3093 Barbadico
1423 3027 1529 3117 (5)
1573 3079 1593 3111 ,
1658 3051 1694 3096 a
1745 3026 1928 3120 cujus
1997 3026 2181 3105 obitu
2249 3027 2334 3096 ad
2397 3027 2560 3096 haec
2599 3049 2810 3118 usque

1462 3257 1621 3282 mm
1627 3251 2122 3283 mmmmm-nm

752 3442 761 3462 ¹
857 3418 955 3496 (ι)
1002 3417 1152 3482 Vide
1212 3418 1372 3479 Serie
1428 3419 2051 3502 cronologico-istorica
2095 3416 2190 3478 dei
2253 3417 2540 3480 Canonici.
2575 3419 2634 3480 di
2665 3422 2805 3482 Ῥι-

748 3521 915 3586 {ova
950 3541 1081 3608 pag.
1132 3528 1261 3608 ¹73·
1427 3519 1435 3526 ’
1742 3603 1748 3610 ι

856 3636 955 3712 (2)
996 3635 1136 3695 vita
1170 3635 1335 3716 hujus
1394 3638 1692 3698 Pontificis
1732 3639 1934 3698 emissa
1975 3639 2083 3699 fuit
2124 3639 2346 3699 Patavii
2403 3636 2554 3718 typis
2613 3632 2806 3698 Semi-

768 3733 919 3802 narii
953 3765 1085 3804 ann.
1140 3747 1286 3806 1802
1330 3744 1391 3804 in
1433 3753 1490 3821 4.
1524 3792 1542 3821 ,
1581 3745 1654 3806 de
1713 3755 1822 3826 qua
1883 3745 2062 3805 multa
2101 3745 2416 3808 honorifice
2467 3747 2570 3804 nel
2615 3744 2802 3803 Giar-

766 3835 1095 3910 'neile'dell’
1120 3853 1370 3908 italiana
1408 3851 1766 3910 letteratura
1816 3849 1984 3909 Tom.
2027 3848 2065 3908 Ι
2094 3872 2238 3930 pag.
2281 3849 2414 3908 216.

842 3951 941 4031 (3)
986 3951 1143 4015 Vide
1200 3952 1530 4032 opusculum
1573 3953 1645 4014 dc
1711 3949 1983 4032 singulari
2030 3953 2096 4013 B.
2158 3951 2428 4034 Gregorii
2487 3949 2802 4020 Barbaciici
