3125 4975
961 335 1124 390 vrrs
1165 339 1445 390 rosan-m
1475 340 1775 391 amum
2186 361 2193 370 ·
2246 315 2385 392 205

349 459 660 550 exemplo
695 473 764 528 et
801 457 1112 549 praemiis
1131 511 1150 544 ‚
1180 481 1348 549 quae
1384 481 1502 527 sua
1541 482 1671 527 non
1702 459 1911 530 semel
1937 459 2263 530 industria
2289 483 2389 530 re-

342 575 499 643 tulit
523 625 545 659 ,
583 571 906 643 excitatus
926 623 946 657 ‚
995 570 1456 640 humaniorum
1511 569 2011 664 graviorumque
2077 563 2381 664 discipli..

237 734 256 746 ν
351 713 584 760 aarum
623 709 884 760 cursum
923 669 1304 760 cum'laude
1343 686 1667 760 absolvit.

432 805 620 873 Duos
671 803 935 873 circiter
969 825 1048 874 ae
1111 802 1350 896 viginti
1397 825 1605 872 annos
1662 817 1855 872 natus
1894 801 2233 894 publicum
2290 802 2377 874 de

343 943 416 992 re
461 919 828 1012 theologica
863 934 1044 990 eerta
1059 941 1210 989 men
1243 917 1438 1002 iniit,
1471 917 1636 1009 quin
1674 919 1759 988 ad
1798 916 2167 990 subsidium
2204 920 2385 1010 quis-

341 1059 544 1129 quam
573 1031 882 1106 haereret
913 1032 1214 1126 ejusdem
1269 1030 1504 1117 lateri3
1563 1047 1633 1100 et
1676 1032 1747 1100 in
1805 1055 1987 1102 sacro
2040 1033 2381 1126 theologo..

343 1177 489 1224 rum
530 1152 848 1244 collegio,
875 1167 952 1220 ut
1002 1173 1148 1219 mos
1183 1164 1324 1231 est,
1363 1171 1643 1218 examen
1682 1145 1927 1246 subiit,
1982 1151 2055 1218 in
2106 1174 2381 1240 quorum

346 1283 610 1338 coetum
647 1279 988 1354 cooptatus
1010 1313 1033 1346 ,
1071 1257 1158 1330 ab
1211 1259 1744 1332 eminentissimo
1788 1261 2131 1334 cardinali
2168 1265 2381 1336 Geor.-

347 1379 460 1468 gio
506 1375 814 1446 Cornelio
867 1372 1178 1464 episeopo
1227 1369 1538 1464 patavino
1595 1371 1811 1464 jussus
1860 1388 1967 1444 est
2028 1372 2101 1442 in
2160 1373 2383 1446 Semi-

346 1495 538 1564 nario
571 1493 752 1584 fungi
795 1488 1096 1582 magistri
1133 1511 1406 1568 munere
1427 1540 1445 1556 .
1485 1491 1710 1582 thue
1758 1506 1899 1560 erat
1934 1491 2221 1582 eleganti
2272 1492 2385 1561 in..

353 1609 586 1702 genio,
623 1626 693 1680 et
727 1610 812 1680 ad
848 1609 1102 1680 litteras
1140 1607 1336 1700 plane
1375 1605 1546 1678 facto
1568 1661 1587 1692 ,
1622 1609 1863 1678 studiis
1899 1608 2387 1680 amoenioribus

355 1721 720 1793 destinatur
741 1775 758 1790 .
799 1721 1040 1813 Coepit
1075 1721 1300 1812 itaque
1338 1721 1424 1792 ad
1461 1721 1941 1792 humanitatem
1984 1723 2257 1793 clericos
2293 1722 2391 1792 in-

353 1839 663 1927 stituere,
687 1837 840 1912 'tum
878 1840 1146 1910 eosdem
1195 1839 1456 1932 plenius
1494 1841 1797 1914 excolere
1834 1840 2178 1911 rhetoricis
2206 1861 2391 1912 exer.

358 1956 782 2030 citationibus
799 1987 824 2048 3
863 1976 1014 2052 post
1035 2011 1058 2046 ,
1098 1976 1172 2030 ut
1209 1960 1295 2030 ad
1349 1958 1569 2052 majus
1624 1955 1954 2030 theatrum
1974 2011 1999 2045 ,
2037 1957 2393 2028 translatus

359 2093 460 2146 est
500 2077 587 2148 ad
625 2077 1054 2148 Academiam
1095 2079 1266 2168 (ι).·
1302 2076 1567 2148 Accidit
1601 2101 1721 2170 per
1757 2076 1877 2147 hos
1916 2075 2099 2162 dies,
2134 2091 2211 2147 ut
2268 2074 2395 2148 Se-

359 2189 702 2261 bastianus
737 2194 1108 2259 Franzonus
1146 2191 1256 2280 (2)
1306 2213 1346 2257 a
1385 2189 1755 2266 seminario
1810 2189 2179 2260 diseederet
2198 2242 2222 2276 ‚
2276 2187 2395 2261 ubi

364 2305 460 2375 rei
498 2304 861 2374 litterariae
899 2305 1227 2374 curandae
1263 2322 1567 2394 praeerat
1585 2357 1601 2378 .
1658 2305 1989 2378 sufficitur
2020 2307 2269 2400 Joseph
2320 2308 2395 2377 ln

372 2421 514 2514 ejus
551 2421 809 2506 locum,
849 2443 979 2493 non
1013 2419 1090 2490 in
1127 2417 1639 2527 domesticorum
1690 2419 1897 2489 oculis
1935 2437 2232 2510 tantum,
2277 2425 2397 2496 sed

375 2535 446 2604 in
487 2532 684 2603 totius
723 2534 923 2603 etiam
954 2531 1476 2603 litteratissimae
1511 2529 1694 2599 urbis
1731 2530 2043 2619 adspectu
2066 2534 2350 2621 positum
2376 2584 2396 2605 .

369 2646 705 2739 Quamdiu
746 2646 958 2732 vixit,
1013 2647 1190 2716 hunc
1229 2645 1349 2715 ille
1407 2642 1655 2729 tenuit,
1689 2660 1759 2713 et
1794 2644 1889 2713 ita
1927 2643 2177 2729 tenuit,
2214 2658 2289 2712 ut
2328 2660 2399 2715 et
2506 2692 2515 2703 ⁵

372 2762 626 2852 optime
661 2783 924 2830 suorum
965 2759 1381 2831 decessorum
1421 2772 1709 2828 meretur
1740 2778 1979 2827 nomen
2001 2809 2022 2842 ,
2058 2772 2127 2826 et
2163 2758 2401 2831 redde..

374 2894 476 2947 ret
509 2902 581 2949 se
617 2878 1052 2971 spectabilem
1105 2902 1236 2949 non
1271 2876 1472 2949 modo
1519 2874 1951 2969 aequalibus,
2008 2874 2127 2948 sed
2180 2890 2249 2945 et
2292 2900 2403 2949 se-

375 2990 670 3060 nioribus
697 3042 718 3077 ‚
756 2993 843 3061 iis
878 2993 1084 3062 etiam
1103 3042 1126 3077 ‚
1162 3015 1325 3083 quos
1361 3006 1817 3083 praeeeptores
1855 2988 2175 3061 habuerat
2192 3040 2211 3059 .
2248 2990 2399 3069 Di-

377 3103 618 3191 scipuli
653 3104 900 3195 pariter
935 3128 1014 3173 ae
1048 3104 1348 3195 magistri
1399 3126 1627 3174 secum
1678 3104 2161 3196 quodammodo
2213 3104 2284 3174 in
2322 3128 2403 3176 eo

379 3214 1162 3289 observando‘certabant
1183 3271 1200 3291 .
1229 3222 1450 3289 Tanta
1480 3218 1587 3289 illi
1634 3216 2021 3289 auotoritas!
2066 3222 2253 3289 Hane
2288 3220 2403 3291 ob-

386 3334 678 3405 tinuerat
709 3358 862 3405 cum
895 3338 1214 3428 peculiari
1245 3336 1532 3431 quadam
1570 3335 2058 3407 existimatione
2104 3336 2407 3429 eloquen-

383 3447 518 3519 tiae
538 3500 560 3534 ,
593 3464 736 3521 tum
771 3448 1102 3540 aequabili
1131 3452 1322 3521 vitae·
1335 3448 1703 3521 constantia
1724 3464 1791 3521 et
1826 3447 2179 3543 gravitate3
2200 3472 2403 3551 quam

1056 3654 1711 3689 mmmm

470 3824 574 3913 (ζ)
610 3822 770 3890 Vide
805 3836 1061 3887 annotat.
1098 3844 1230 3907 pag.
1279 3824 1410 3887 116.

379 3996 392 4005 ,
480 3930 592 4008 (2).
623 3927 782 3999 Vide
817 3926 940 4011 ejus
977 3929 1153 3995 vitam
1189 3945 1318 4011 pag.
1357 3932 1499 4007 14⁰·
