<?xml version="1.0" encoding="UTF-8"?>
<!DOCTYPE html PUBLIC "-//W3C//DTD XHTML 1.0 Transitional//EN"
    "http://www.w3.org/TR/xhtml1/DTD/xhtml1-transitional.dtd">
<html xmlns="http://www.w3.org/1999/xhtml" xml:lang="en" lang="en">
 <head>
  <title>
</title>
<meta http-equiv="Content-Type" content="text/html;charset=utf-8" />
  <meta name='ocr-system' content='tesseract 3.04.00' />
  <meta name='ocr-capabilities' content='ocr_page ocr_carea ocr_par ocr_line ocrx_word'/>
</head>
<body>
  <div class='ocr_page' id='page_1' title='image "./vitaevirorumill01melagoog_0152.png"; bbox 0 0 3125 4975; ppageno 0'>
   <div class='ocr_carea' id='block_1_1' title="bbox 314 348 2382 2321">
    <p class='ocr_par' dir='ltr' id='par_1_1' title="bbox 316 348 2336 701">
     <span class='ocr_line' id='line_1_1' title="bbox 944 348 2332 421; baseline 0.001 -2"><span class='ocrx_word' id='word_1_1' title='bbox 944 362 1187 419; x_wconf 66' lang='lat' dir='ltr'>neon</span> <span class='ocrx_word' id='word_1_2' title='bbox 1222 362 1635 417; x_wconf 64' lang='lat' dir='ltr'>neonem·</span> <span class='ocrx_word' id='word_1_3' title='bbox 2204 348 2332 421; x_wconf 75' lang='lat'>105</span> 
     </span>
     <span class='ocr_line' id='line_1_2' title="bbox 316 474 2336 581; baseline -0.002 -18"><span class='ocrx_word' id='word_1_4' title='bbox 316 512 359 563; x_wconf 66' lang='grc' dir='ltr'><strong><em>υ</em></strong></span> <span class='ocrx_word' id='word_1_5' title='bbox 398 480 521 565; x_wconf 75' lang='lat' dir='ltr'>tiae</span> <span class='ocrx_word' id='word_1_6' title='bbox 558 474 909 562; x_wconf 76' lang='lat' dir='ltr'>latinitatis</span> <span class='ocrx_word' id='word_1_7' title='bbox 946 486 1363 559; x_wconf 73' lang='lat' dir='ltr'>avidissimos</span> <span class='ocrx_word' id='word_1_8' title='bbox 1388 484 1696 571; x_wconf 73' lang='lat' dir='ltr'>diffudit,</span> <span class='ocrx_word' id='word_1_9' title='bbox 1729 483 1844 557; x_wconf 83' lang='lat' dir='ltr'>ille</span> <span class='ocrx_word' id='word_1_10' title='bbox 1865 484 2097 558; x_wconf 76' lang='lat' dir='ltr'>&#39;hausit</span> <span class='ocrx_word' id='word_1_11' title='bbox 2134 512 2173 559; x_wconf 87' lang='lat' dir='ltr'>a</span> <span class='ocrx_word' id='word_1_12' title='bbox 2206 490 2336 581; x_wconf 89' lang='lat' dir='ltr'>pri-</span> 
     </span>
     <span class='ocr_line' id='line_1_3' title="bbox 318 606 1648 701; baseline -0.004 -22"><span class='ocrx_word' id='word_1_13' title='bbox 318 638 361 679; x_wconf 74' lang='grc' dir='ltr'><strong><em>υ</em></strong></span> <span class='ocrx_word' id='word_1_14' title='bbox 402 612 531 682; x_wconf 87' lang='lat' dir='ltr'>mis</span> <span class='ocrx_word' id='word_1_15' title='bbox 568 606 935 701; x_wconf 75' lang='lat' dir='ltr'>unguiculis</span> <span class='ocrx_word' id='word_1_16' title='bbox 968 636 1007 673; x_wconf 68' lang='grc' dir='ltr'><strong><em>υ</em></strong></span> <span class='ocrx_word' id='word_1_17' title='bbox 1036 657 1055 676; x_wconf 94' lang='grc'><strong>.</strong></span> <span class='ocrx_word' id='word_1_18' title='bbox 1641 607 1648 613; x_wconf 80' lang='grc'><strong><em>’</em></strong></span> 
     </span>
    </p>

    <p class='ocr_par' dir='ltr' id='par_1_2' title="bbox 314 722 2339 1279">
     <span class='ocr_line' id='line_1_4' title="bbox 403 722 2332 819; baseline -0.001 -20"><span class='ocrx_word' id='word_1_19' title='bbox 403 729 673 799; x_wconf 83' lang='lat' dir='ltr'>Livium</span> <span class='ocrx_word' id='word_1_20' title='bbox 710 750 867 819; x_wconf 81' lang='lat' dir='ltr'>prae</span> <span class='ocrx_word' id='word_1_21' title='bbox 902 725 1138 797; x_wconf 86' lang='lat' dir='ltr'>ceteris</span> <span class='ocrx_word' id='word_1_22' title='bbox 1176 724 1405 795; x_wconf 83' lang='lat' dir='ltr'>latinis</span> <span class='ocrx_word' id='word_1_23' title='bbox 1460 722 1892 816; x_wconf 72' lang='lat' dir='ltr'>scriptoribus</span> <span class='ocrx_word' id='word_1_24' title='bbox 1945 724 2018 795; x_wconf 83' lang='lat' dir='ltr'>in</span> <span class='ocrx_word' id='word_1_25' title='bbox 2077 724 2332 797; x_wconf 82' lang='lat' dir='ltr'>deliciis</span> 
     </span>
     <span class='ocr_line' id='line_1_5' title="bbox 314 838 2336 935; baseline 0.002 -24"><span class='ocrx_word' id='word_1_26' title='bbox 314 840 547 911; x_wconf 81' lang='lat' dir='ltr'>habuit</span> <span class='ocrx_word' id='word_1_27' title='bbox 583 894 603 927; x_wconf 93' lang='lat'><strong>,</strong></span> <span class='ocrx_word' id='word_1_28' title='bbox 656 841 887 916; x_wconf 74' lang='lat' dir='ltr'>solima</span> <span class='ocrx_word' id='word_1_29' title='bbox 948 840 1174 931; x_wconf 84' lang='lat' dir='ltr'>ipsum</span> <span class='ocrx_word' id='word_1_30' title='bbox 1231 838 1495 911; x_wconf 82' lang='lat' dir='ltr'>assidue</span> <span class='ocrx_word' id='word_1_31' title='bbox 1547 840 1766 931; x_wconf 83' lang='lat' dir='ltr'>legere</span> <span class='ocrx_word' id='word_1_32' title='bbox 1803 840 1918 911; x_wconf 86' lang='lat' dir='ltr'>diu</span> <span class='ocrx_word' id='word_1_33' title='bbox 1973 858 2292 935; x_wconf 79' lang='lat' dir='ltr'>noctuque</span> <span class='ocrx_word' id='word_1_34' title='bbox 2313 892 2336 917; x_wconf 69' lang='lat'>0</span> 
     </span>
     <span class='ocr_line' id='line_1_6' title="bbox 319 953 2336 1047; baseline 0.001 -23"><span class='ocrx_word' id='word_1_35' title='bbox 319 953 507 1025; x_wconf 85' lang='lat' dir='ltr'>Hunc</span> <span class='ocrx_word' id='word_1_36' title='bbox 544 954 891 1027; x_wconf 85' lang='lat' dir='ltr'>scribendo</span> <span class='ocrx_word' id='word_1_37' title='bbox 925 953 1303 1045; x_wconf 80' lang='lat' dir='ltr'>exprimere</span> <span class='ocrx_word' id='word_1_38' title='bbox 1340 954 1594 1023; x_wconf 80' lang='lat' dir='ltr'>studuit</span> <span class='ocrx_word' id='word_1_39' title='bbox 1632 954 1890 1025; x_wconf 84' lang='lat' dir='ltr'>intenta</span> <span class='ocrx_word' id='word_1_40' title='bbox 1925 979 2336 1047; x_wconf 85' lang='lat' dir='ltr'>cura3quem</span> 
     </span>
     <span class='ocr_line' id='line_1_7' title="bbox 314 1072 2339 1163; baseline 0.002 -22"><span class='ocrx_word' id='word_1_41' title='bbox 314 1092 651 1162; x_wconf 83' lang='lat' dir='ltr'>praeterea</span> <span class='ocrx_word' id='word_1_42' title='bbox 688 1072 1149 1145; x_wconf 82' lang='lat' dir='ltr'>illustrandum</span> <span class='ocrx_word' id='word_1_43' title='bbox 1188 1072 1478 1163; x_wconf 74' lang='lat' dir='ltr'>suscepit</span> <span class='ocrx_word' id='word_1_44' title='bbox 1512 1096 1666 1143; x_wconf 86' lang='lat' dir='ltr'>cum</span> <span class='ocrx_word' id='word_1_45' title='bbox 1703 1074 1992 1145; x_wconf 84' lang='lat' dir='ltr'>Ferratio</span> <span class='ocrx_word' id='word_1_46' title='bbox 2009 1124 2033 1160; x_wconf 89' lang='lat'>,</span> <span class='ocrx_word' id='word_1_47' title='bbox 2065 1090 2138 1145; x_wconf 87' lang='lat' dir='ltr'>ut</span> <span class='ocrx_word' id='word_1_48' title='bbox 2171 1073 2339 1146; x_wconf 87' lang='lat' dir='ltr'>faci-</span> 
     </span>
     <span class='ocr_line' id='line_1_8' title="bbox 319 1180 2124 1279; baseline -0.001 -22"><span class='ocrx_word' id='word_1_49' title='bbox 319 1186 447 1259; x_wconf 88' lang='lat' dir='ltr'>lius</span> <span class='ocrx_word' id='word_1_50' title='bbox 486 1205 555 1259; x_wconf 85' lang='lat' dir='ltr'>et</span> <span class='ocrx_word' id='word_1_51' title='bbox 590 1188 705 1259; x_wconf 86' lang='lat' dir='ltr'>alii</span> <span class='ocrx_word' id='word_1_52' title='bbox 746 1204 1013 1279; x_wconf 76' lang='lat' dir='ltr'>possent</span> <span class='ocrx_word' id='word_1_53' title='bbox 1050 1187 1135 1259; x_wconf 92' lang='lat' dir='ltr'>ad</span> <span class='ocrx_word' id='word_1_54' title='bbox 1174 1210 1325 1255; x_wconf 85' lang='lat' dir='ltr'>eum</span> <span class='ocrx_word' id='word_1_55' title='bbox 1366 1186 1714 1257; x_wconf 80' lang='lat' dir='ltr'>accedere.</span> <span class='ocrx_word' id='word_1_56' title='bbox 2119 1180 2124 1185; x_wconf 44' lang='lat'>⁸</span> 
     </span>
    </p>

    <p class='ocr_par' dir='ltr' id='par_1_3' title="bbox 318 1298 2346 1731">
     <span class='ocr_line' id='line_1_9' title="bbox 407 1298 2342 1392; baseline 0.001 -21"><span class='ocrx_word' id='word_1_57' title='bbox 407 1302 777 1372; x_wconf 83' lang='lat' dir='ltr'>Plurimum</span> <span class='ocrx_word' id='word_1_58' title='bbox 814 1324 1069 1392; x_wconf 86' lang='lat' dir='ltr'>quoque</span> <span class='ocrx_word' id='word_1_59' title='bbox 1104 1299 1389 1370; x_wconf 84' lang='lat' dir='ltr'>Jacobus</span> <span class='ocrx_word' id='word_1_60' title='bbox 1416 1298 1623 1368; x_wconf 87' lang='lat' dir='ltr'>valuit</span> <span class='ocrx_word' id='word_1_61' title='bbox 1656 1298 2218 1372; x_wconf 84' lang='lat' dir='ltr'>inscribendorum</span> <span class='ocrx_word' id='word_1_62' title='bbox 2251 1302 2342 1373; x_wconf 82' lang='lat' dir='ltr'>la·-</span> 
     </span>
     <span class='ocr_line' id='line_1_10' title="bbox 318 1411 2346 1509; baseline 0.002 -26"><span class='ocrx_word' id='word_1_63' title='bbox 318 1415 561 1509; x_wconf 87' lang='lat' dir='ltr'>pidum</span> <span class='ocrx_word' id='word_1_64' title='bbox 624 1414 901 1483; x_wconf 83' lang='lat' dir='ltr'>scientia</span> <span class='ocrx_word' id='word_1_65' title='bbox 950 1414 1099 1503; x_wconf 84' lang='lat'>(1).</span> <span class='ocrx_word' id='word_1_66' title='bbox 1154 1414 1341 1501; x_wconf 83' lang='lat' dir='ltr'>Quae</span> <span class='ocrx_word' id='word_1_67' title='bbox 1392 1411 1662 1502; x_wconf 82' lang='lat' dir='ltr'>quidem</span> <span class='ocrx_word' id='word_1_68' title='bbox 1699 1412 1842 1481; x_wconf 87' lang='lat' dir='ltr'>laus</span> <span class='ocrx_word' id='word_1_69' title='bbox 1877 1438 2006 1483; x_wconf 87' lang='lat' dir='ltr'>non</span> <span class='ocrx_word' id='word_1_70' title='bbox 2069 1417 2346 1509; x_wconf 79' lang='lat' dir='ltr'>exigua,</span> 
     </span>
     <span class='ocr_line' id='line_1_11' title="bbox 328 1524 2346 1616; baseline -0.001 -17"><span class='ocrx_word' id='word_1_71' title='bbox 328 1552 459 1599; x_wconf 84' lang='lat' dir='ltr'>nec</span> <span class='ocrx_word' id='word_1_72' title='bbox 497 1527 809 1599; x_wconf 82' lang='lat' dir='ltr'>omnibus</span> <span class='ocrx_word' id='word_1_73' title='bbox 840 1526 929 1595; x_wconf 86' lang='lat' dir='ltr'>iis</span> <span class='ocrx_word' id='word_1_74' title='bbox 972 1524 1335 1595; x_wconf 87' lang='lat' dir='ltr'>communis</span> <span class='ocrx_word' id='word_1_75' title='bbox 1352 1576 1375 1610; x_wconf 89' lang='lat'>‚</span> <span class='ocrx_word' id='word_1_76' title='bbox 1412 1524 1652 1616; x_wconf 86' lang='lat' dir='ltr'>quibus</span> <span class='ocrx_word' id='word_1_77' title='bbox 1687 1545 2034 1597; x_wconf 85' lang='lat' dir='ltr'>commune</span> <span class='ocrx_word' id='word_1_78' title='bbox 2063 1545 2163 1597; x_wconf 87' lang='lat' dir='ltr'>est</span> <span class='ocrx_word' id='word_1_79' title='bbox 2199 1530 2346 1599; x_wconf 81' lang='lat' dir='ltr'>lati-</span> 
     </span>
     <span class='ocr_line' id='line_1_12' title="bbox 322 1628 2198 1731; baseline -0.003 -16"><span class='ocrx_word' id='word_1_80' title='bbox 322 1670 415 1717; x_wconf 85' lang='lat' dir='ltr'>ne</span> <span class='ocrx_word' id='word_1_81' title='bbox 452 1646 623 1715; x_wconf 88' lang='lat' dir='ltr'>scire</span> <span class='ocrx_word' id='word_1_82' title='bbox 654 1662 721 1715; x_wconf 88' lang='lat' dir='ltr'>et</span> <span class='ocrx_word' id='word_1_83' title='bbox 754 1644 1037 1715; x_wconf 84' lang='lat' dir='ltr'>scribere</span> <span class='ocrx_word' id='word_1_84' title='bbox 1056 1694 1075 1713; x_wconf 91' lang='lat'><strong>.</strong></span> <span class='ocrx_word' id='word_1_85' title='bbox 1206 1628 1215 1639; x_wconf 50' lang='grc'><em>“</em></span> <span class='ocrx_word' id='word_1_86' title='bbox 2191 1726 2198 1731; x_wconf 31' lang='lat'>‚</span> 
     </span>
    </p>

    <p class='ocr_par' dir='ltr' id='par_1_4' title="bbox 320 1750 2382 2321">
     <span class='ocr_line' id='line_1_13' title="bbox 422 1750 2382 1850; baseline 0 -21"><span class='ocrx_word' id='word_1_87' title='bbox 422 1750 675 1829; x_wconf 82' lang='lat' dir='ltr'>Verum</span> <span class='ocrx_word' id='word_1_88' title='bbox 709 1758 955 1830; x_wconf 87' lang='lat' dir='ltr'>diutius</span> <span class='ocrx_word' id='word_1_89' title='bbox 991 1759 1193 1829; x_wconf 85' lang='lat' dir='ltr'>latere</span> <span class='ocrx_word' id='word_1_90' title='bbox 1231 1781 1361 1827; x_wconf 86' lang='lat' dir='ltr'>non</span> <span class='ocrx_word' id='word_1_91' title='bbox 1387 1772 1646 1848; x_wconf 86' lang='lat' dir='ltr'>poterat</span> <span class='ocrx_word' id='word_1_92' title='bbox 1679 1758 1788 1845; x_wconf 70' lang='lat' dir='ltr'>vir</span> <span class='ocrx_word' id='word_1_93' title='bbox 1816 1760 2177 1850; x_wconf 77' lang='lat' dir='ltr'>splendidis</span> <span class='ocrx_word' id='word_1_94' title='bbox 2203 1784 2344 1829; x_wconf 88' lang='lat' dir='ltr'>mu·</span> <span class='ocrx_word' id='word_1_95' title='bbox 2377 1830 2382 1839; x_wconf 76' lang='grc'><em>,</em></span> 
     </span>
     <span class='ocr_line' id='line_1_14' title="bbox 324 1872 2346 1972; baseline 0.001 -26"><span class='ocrx_word' id='word_1_96' title='bbox 324 1876 597 1957; x_wconf 68' lang='lat' dir='ltr'>neribus</span> <span class='ocrx_word' id='word_1_97' title='bbox 632 1876 768 1972; x_wconf 86' lang='lat' dir='ltr'>jam</span> <span class='ocrx_word' id='word_1_98' title='bbox 808 1892 1099 1947; x_wconf 83' lang='lat' dir='ltr'>maturus</span> <span class='ocrx_word' id='word_1_99' title='bbox 1119 1926 1137 1944; x_wconf 89' lang='lat'><strong>.</strong></span> <span class='ocrx_word' id='word_1_100' title='bbox 1164 1874 1485 1967; x_wconf 81' lang='lat' dir='ltr'>Georgius</span> <span class='ocrx_word' id='word_1_101' title='bbox 1524 1872 1746 1967; x_wconf 86' lang='lat' dir='ltr'>itaque</span> <span class='ocrx_word' id='word_1_102' title='bbox 1781 1877 2152 1947; x_wconf 84' lang='lat' dir='ltr'>Cardinalis</span> <span class='ocrx_word' id='word_1_103' title='bbox 2191 1880 2346 1949; x_wconf 85' lang='lat' dir='ltr'>Cor·</span> 
     </span>
     <span class='ocr_line' id='line_1_15' title="bbox 320 1993 2340 2089; baseline 0.003 -24"><span class='ocrx_word' id='word_1_104' title='bbox 320 1996 533 2067; x_wconf 83' lang='lat' dir='ltr'>nelius</span> <span class='ocrx_word' id='word_1_105' title='bbox 552 2048 573 2081; x_wconf 91' lang='lat'>,</span> <span class='ocrx_word' id='word_1_106' title='bbox 606 1995 717 2089; x_wconf 85' lang='lat' dir='ltr'>qui</span> <span class='ocrx_word' id='word_1_107' title='bbox 756 1996 829 2065; x_wconf 85' lang='lat' dir='ltr'>in</span> <span class='ocrx_word' id='word_1_108' title='bbox 863 1996 941 2067; x_wconf 81' lang='lat' dir='ltr'>B.</span> <span class='ocrx_word' id='word_1_109' title='bbox 997 1994 1301 2085; x_wconf 83' lang='lat' dir='ltr'>Gregorii</span> <span class='ocrx_word' id='word_1_110' title='bbox 1350 1993 1700 2066; x_wconf 76' lang='lat' dir='ltr'>Barbadici</span> <span class='ocrx_word' id='word_1_111' title='bbox 1761 1995 1978 2065; x_wconf 86' lang='lat' dir='ltr'>locum</span> <span class='ocrx_word' id='word_1_112' title='bbox 2029 1996 2340 2071; x_wconf 74' lang='lat' dir='ltr'>suffectus</span> 
     </span>
     <span class='ocr_line' id='line_1_16' title="bbox 320 2110 2344 2211; baseline 0.001 -30"><span class='ocrx_word' id='word_1_113' title='bbox 320 2110 569 2201; x_wconf 81' lang='lat' dir='ltr'>fuerat,</span> <span class='ocrx_word' id='word_1_114' title='bbox 608 2114 691 2183; x_wconf 83' lang='lat' dir='ltr'>ad</span> <span class='ocrx_word' id='word_1_115' title='bbox 744 2112 1111 2209; x_wconf 71' lang='lat' dir='ltr'>studiorum</span> <span class='ocrx_word' id='word_1_116' title='bbox 1166 2110 1521 2211; x_wconf 81' lang='lat' dir='ltr'>Seminarii</span> <span class='ocrx_word' id='word_1_117' title='bbox 1577 2112 1872 2203; x_wconf 82' lang='lat' dir='ltr'>regimen</span> <span class='ocrx_word' id='word_1_118' title='bbox 1927 2114 2344 2197; x_wconf 76' lang='lat' dir='ltr'>Jacobettum</span> 
     </span>
     <span class='ocr_line' id='line_1_17' title="bbox 330 2228 2350 2321; baseline 0.002 -22"><span class='ocrx_word' id='word_1_119' title='bbox 330 2228 554 2299; x_wconf 78' lang='lat' dir='ltr'>evexit</span> <span class='ocrx_word' id='word_1_120' title='bbox 590 2230 699 2321; x_wconf 78' lang='lat'>(2)</span> <span class='ocrx_word' id='word_1_121' title='bbox 721 2278 737 2299; x_wconf 90' lang='lat'><strong>.</strong></span> <span class='ocrx_word' id='word_1_122' title='bbox 774 2230 1009 2304; x_wconf 82' lang='lat' dir='ltr'>Talem</span> <span class='ocrx_word' id='word_1_123' title='bbox 1048 2252 1205 2300; x_wconf 86' lang='lat' dir='ltr'>vero</span> <span class='ocrx_word' id='word_1_124' title='bbox 1232 2228 1351 2299; x_wconf 83' lang='lat' dir='ltr'>illc</span> <span class='ocrx_word' id='word_1_125' title='bbox 1388 2250 1459 2297; x_wconf 88' lang='lat' dir='ltr'>se</span> <span class='ocrx_word' id='word_1_126' title='bbox 1496 2228 1802 2320; x_wconf 83' lang='lat' dir='ltr'>praebuit</span> <span class='ocrx_word' id='word_1_127' title='bbox 1835 2229 1906 2299; x_wconf 88' lang='lat' dir='ltr'>in</span> <span class='ocrx_word' id='word_1_128' title='bbox 1947 2230 2170 2320; x_wconf 84' lang='lat' dir='ltr'>amplo</span> <span class='ocrx_word' id='word_1_129' title='bbox 2209 2254 2350 2303; x_wconf 88' lang='lat' dir='ltr'>mu·</span> 
     </span>
    </p>
   </div>
   <div class='ocr_carea' id='block_1_2' title="bbox 1018 2396 1672 2427">
    <p class='ocr_par' dir='ltr' id='par_1_5' title="bbox 1018 2396 1672 2427">
     <span class='ocr_line' id='line_1_18' title="bbox 1018 2396 1672 2427; baseline 0.003 -2"><span class='ocrx_word' id='word_1_130' title='bbox 1018 2396 1097 2425; x_wconf 55' lang='lat' dir='ltr'>m</span> <span class='ocrx_word' id='word_1_131' title='bbox 1102 2396 1672 2427; x_wconf 52' lang='lat' dir='ltr'>mmmmm</span> 
     </span>
    </p>
   </div>
   <div class='ocr_carea' id='block_1_3' title="bbox 332 2498 2367 3425">
    <p class='ocr_par' dir='ltr' id='par_1_6' title="bbox 332 2498 2350 2798">
     <span class='ocr_line' id='line_1_19' title="bbox 428 2498 2346 2583; baseline 0.001 -22"><span class='ocrx_word' id='word_1_132' title='bbox 428 2501 527 2578; x_wconf 80' lang='lat' dir='ltr'>(r)</span> <span class='ocrx_word' id='word_1_133' title='bbox 568 2499 813 2562; x_wconf 80' lang='lat' dir='ltr'>Constat</span> <span class='ocrx_word' id='word_1_134' title='bbox 848 2498 911 2562; x_wconf 87' lang='lat' dir='ltr'>id</span> <span class='ocrx_word' id='word_1_135' title='bbox 949 2519 1019 2562; x_wconf 76' lang='lat' dir='ltr'>ex</span> <span class='ocrx_word' id='word_1_136' title='bbox 1054 2502 1213 2582; x_wconf 75' lang='lat' dir='ltr'>gravi</span> <span class='ocrx_word' id='word_1_137' title='bbox 1248 2514 1307 2561; x_wconf 90' lang='lat' dir='ltr'>et</span> <span class='ocrx_word' id='word_1_138' title='bbox 1346 2515 1608 2560; x_wconf 82' lang='lat' dir='ltr'>accurata</span> <span class='ocrx_word' id='word_1_139' title='bbox 1647 2519 1921 2575; x_wconf 79' lang='lat' dir='ltr'>censura,</span> <span class='ocrx_word' id='word_1_140' title='bbox 1959 2523 2070 2583; x_wconf 83' lang='lat' dir='ltr'>qua</span> <span class='ocrx_word' id='word_1_141' title='bbox 2115 2525 2232 2565; x_wconf 84' lang='lat' dir='ltr'>non</span> <span class='ocrx_word' id='word_1_142' title='bbox 2277 2525 2346 2563; x_wconf 84' lang='lat' dir='ltr'>u-</span> 
     </span>
     <span class='ocr_line' id='line_1_20' title="bbox 343 2607 2350 2692; baseline 0.001 -25"><span class='ocrx_word' id='word_1_143' title='bbox 343 2625 475 2668; x_wconf 83' lang='lat' dir='ltr'>nam</span> <span class='ocrx_word' id='word_1_144' title='bbox 510 2626 579 2669; x_wconf 77' lang='lat' dir='ltr'>ex</span> <span class='ocrx_word' id='word_1_145' title='bbox 614 2609 813 2670; x_wconf 83' lang='lat' dir='ltr'>latinis</span> <span class='ocrx_word' id='word_1_146' title='bbox 846 2607 1311 2692; x_wconf 79' lang='lat' dir='ltr'>inscriptionibus</span> <span class='ocrx_word' id='word_1_147' title='bbox 1346 2621 1541 2670; x_wconf 83' lang='lat' dir='ltr'>notat.</span> <span class='ocrx_word' id='word_1_148' title='bbox 1586 2607 1844 2670; x_wconf 83' lang='lat' dir='ltr'>Censura</span> <span class='ocrx_word' id='word_1_149' title='bbox 1883 2627 2000 2667; x_wconf 83' lang='lat' dir='ltr'>non</span> <span class='ocrx_word' id='word_1_150' title='bbox 2037 2623 2126 2669; x_wconf 90' lang='lat' dir='ltr'>est</span> <span class='ocrx_word' id='word_1_151' title='bbox 2162 2609 2350 2686; x_wconf 82' lang='lat' dir='ltr'>edita,</span> 
     </span>
     <span class='ocr_line' id='line_1_21' title="bbox 332 2715 977 2798; baseline -0.008 -18"><span class='ocrx_word' id='word_1_152' title='bbox 332 2715 439 2780; x_wconf 73' lang='lat' dir='ltr'>sed</span> <span class='ocrx_word' id='word_1_153' title='bbox 474 2730 697 2780; x_wconf 84' lang='lat' dir='ltr'>tantum</span> <span class='ocrx_word' id='word_1_154' title='bbox 733 2715 977 2798; x_wconf 81' lang='lat' dir='ltr'>scripta.</span> 
     </span>
    </p>

    <p class='ocr_par' dir='ltr' id='par_1_7' title="bbox 336 2819 2367 3425">
     <span class='ocr_line' id='line_1_22' title="bbox 418 2819 2354 2904; baseline -0.003 -20"><span class='ocrx_word' id='word_1_155' title='bbox 418 2823 519 2902; x_wconf 80' lang='lat'>(2)</span> <span class='ocrx_word' id='word_1_156' title='bbox 558 2823 883 2882; x_wconf 79' lang='lat' dir='ltr'>Inmatura.</span> <span class='ocrx_word' id='word_1_157' title='bbox 902 2819 1055 2882; x_wconf 84' lang='lat' dir='ltr'>euim</span> <span class='ocrx_word' id='word_1_158' title='bbox 1086 2833 1267 2882; x_wconf 83' lang='lat' dir='ltr'>morte</span> <span class='ocrx_word' id='word_1_159' title='bbox 1322 2833 1656 2904; x_wconf 82' lang='lat' dir='ltr'>praereptus</span> <span class='ocrx_word' id='word_1_160' title='bbox 1699 2820 1886 2882; x_wconf 73' lang='lat' dir='ltr'>fuerat</span> <span class='ocrx_word' id='word_1_161' title='bbox 1921 2819 2122 2882; x_wconf 77' lang='lat' dir='ltr'>Petrus</span> <span class='ocrx_word' id='word_1_162' title='bbox 2171 2820 2354 2880; x_wconf 84' lang='lat' dir='ltr'>Anto-</span> 
     </span>
     <span class='ocr_line' id='line_1_23' title="bbox 336 2925 2349 3010; baseline 0 -22"><span class='ocrx_word' id='word_1_163' title='bbox 336 2927 463 2988; x_wconf 80' lang='lat' dir='ltr'>nius</span> <span class='ocrx_word' id='word_1_164' title='bbox 507 2927 749 3010; x_wconf 87' lang='lat' dir='ltr'>Coppo,</span> <span class='ocrx_word' id='word_1_165' title='bbox 789 2928 887 3008; x_wconf 87' lang='lat' dir='ltr'>qui</span> <span class='ocrx_word' id='word_1_166' title='bbox 924 2926 1131 2988; x_wconf 87' lang='lat' dir='ltr'>studiis</span> <span class='ocrx_word' id='word_1_167' title='bbox 1170 2925 1377 2990; x_wconf 86' lang='lat' dir='ltr'>iisdem</span> <span class='ocrx_word' id='word_1_168' title='bbox 1409 2939 1700 3010; x_wconf 77' lang='lat' dir='ltr'>praeerat.</span> <span class='ocrx_word' id='word_1_169' title='bbox 1738 2928 1855 2988; x_wconf 89' lang='lat' dir='ltr'>Hic</span> <span class='ocrx_word' id='word_1_170' title='bbox 1913 2925 2132 2987; x_wconf 83' lang='lat' dir='ltr'>Patavii</span> <span class='ocrx_word' id='word_1_171' title='bbox 2182 2940 2349 2988; x_wconf 84' lang='lat' dir='ltr'>uatus</span> 
     </span>
     <span class='ocr_line' id='line_1_24' title="bbox 337 3028 2355 3112; baseline -0.001 -19"><span class='ocrx_word' id='word_1_172' title='bbox 337 3030 715 3093; x_wconf 73' lang='lat' dir='ltr'>Seminarium</span> <span class='ocrx_word' id='word_1_173' title='bbox 750 3031 1039 3112; x_wconf 82' lang='lat' dir='ltr'>ingressus</span> <span class='ocrx_word' id='word_1_174' title='bbox 1078 3044 1165 3091; x_wconf 85' lang='lat' dir='ltr'>est</span> <span class='ocrx_word' id='word_1_175' title='bbox 1204 3052 1338 3090; x_wconf 85' lang='lat' dir='ltr'>ann.</span> <span class='ocrx_word' id='word_1_176' title='bbox 1386 3029 1553 3093; x_wconf 80' lang='lat'><strong>1685.</strong></span> <span class='ocrx_word' id='word_1_177' title='bbox 1597 3031 1749 3094; x_wconf 85' lang='lat' dir='ltr'>Suae</span> <span class='ocrx_word' id='word_1_178' title='bbox 1785 3028 2157 3092; x_wconf 83' lang='lat' dir='ltr'>institutionis</span> <span class='ocrx_word' id='word_1_179' title='bbox 2185 3051 2355 3090; x_wconf 84' lang='lat' dir='ltr'>cursu</span> 
     </span>
     <span class='ocr_line' id='line_1_25' title="bbox 348 3135 2358 3212; baseline 0.002 -19"><span class='ocrx_word' id='word_1_180' title='bbox 348 3136 605 3196; x_wconf 76' lang='lat' dir='ltr'>confecto</span> <span class='ocrx_word' id='word_1_181' title='bbox 627 3181 647 3211; x_wconf 91' lang='lat'><strong>,</strong></span> <span class='ocrx_word' id='word_1_182' title='bbox 668 3135 885 3198; x_wconf 83' lang='lat' dir='ltr'>ibidem</span> <span class='ocrx_word' id='word_1_183' title='bbox 906 3135 1103 3198; x_wconf 88' lang='lat' dir='ltr'>docuit</span> <span class='ocrx_word' id='word_1_184' title='bbox 1138 3157 1327 3198; x_wconf 84' lang='lat' dir='ltr'>sacras</span> <span class='ocrx_word' id='word_1_185' title='bbox 1361 3136 1615 3212; x_wconf 80' lang='lat' dir='ltr'>litteras,</span> <span class='ocrx_word' id='word_1_186' title='bbox 1638 3151 1696 3198; x_wconf 86' lang='lat' dir='ltr'>et</span> <span class='ocrx_word' id='word_1_187' title='bbox 1735 3151 1956 3199; x_wconf 83' lang='lat' dir='ltr'>veteres</span> <span class='ocrx_word' id='word_1_188' title='bbox 1997 3138 2229 3199; x_wconf 85' lang='lat' dir='ltr'>orientis</span> <span class='ocrx_word' id='word_1_189' title='bbox 2248 3137 2358 3198; x_wconf 77' lang='lat' dir='ltr'>lin-</span> 
     </span>
     <span class='ocr_line' id='line_1_26' title="bbox 356 3237 2362 3324; baseline 0.005 -31"><span class='ocrx_word' id='word_1_190' title='bbox 356 3251 490 3312; x_wconf 81' lang='lat' dir='ltr'>guas</span> <span class='ocrx_word' id='word_1_191' title='bbox 517 3281 532 3295; x_wconf 90' lang='lat'><strong>.</strong></span> <span class='ocrx_word' id='word_1_192' title='bbox 592 3237 820 3299; x_wconf 84' lang='lat' dir='ltr'>Poetica</span> <span class='ocrx_word' id='word_1_193' title='bbox 870 3239 1041 3298; x_wconf 89' lang='lat' dir='ltr'>etiam</span> <span class='ocrx_word' id='word_1_194' title='bbox 1078 3239 1139 3298; x_wconf 89' lang='lat' dir='ltr'>in</span> <span class='ocrx_word' id='word_1_195' title='bbox 1191 3252 1312 3299; x_wconf 85' lang='lat' dir='ltr'>arte</span> <span class='ocrx_word' id='word_1_196' title='bbox 1348 3239 1561 3314; x_wconf 77' lang='lat' dir='ltr'>valuit,</span> <span class='ocrx_word' id='word_1_197' title='bbox 1601 3251 1657 3298; x_wconf 90' lang='lat' dir='ltr'>et</span> <span class='ocrx_word' id='word_1_198' title='bbox 1713 3239 1955 3300; x_wconf 83' lang='lat' dir='ltr'>oratoria</span> <span class='ocrx_word' id='word_1_199' title='bbox 1977 3283 1992 3300; x_wconf 92' lang='lat'><strong>.</strong></span> <span class='ocrx_word' id='word_1_200' title='bbox 2040 3240 2362 3324; x_wconf 82' lang='lat' dir='ltr'>Multiplici</span> 
     </span>
     <span class='ocr_line' id='line_1_27' title="bbox 361 3334 2367 3425; baseline 0.006 -31"><span class='ocrx_word' id='word_1_201' title='bbox 361 3334 533 3397; x_wconf 78' lang='lat' dir='ltr'>laude</span> <span class='ocrx_word' id='word_1_202' title='bbox 568 3337 775 3400; x_wconf 79' lang='lat' dir='ltr'>florens</span> <span class='ocrx_word' id='word_1_203' title='bbox 810 3361 929 3401; x_wconf 83' lang='lat' dir='ltr'>non</span> <span class='ocrx_word' id='word_1_204' title='bbox 980 3361 1171 3424; x_wconf 74' lang='lat' dir='ltr'>,pauca</span> <span class='ocrx_word' id='word_1_205' title='bbox 1210 3341 1441 3422; x_wconf 85' lang='lat' dir='ltr'>reliquit</span> <span class='ocrx_word' id='word_1_206' title='bbox 1478 3355 1841 3401; x_wconf 78' lang='lat' dir='ltr'>monumenta</span> <span class='ocrx_word' id='word_1_207' title='bbox 1861 3387 1880 3416; x_wconf 91' lang='lat'><strong>,</strong></span> <span class='ocrx_word' id='word_1_208' title='bbox 1917 3339 2186 3425; x_wconf 81' lang='lat' dir='ltr'>pleraque</span> <span class='ocrx_word' id='word_1_209' title='bbox 2242 3345 2367 3406; x_wconf 78' lang='lat' dir='ltr'>ine-</span> 
     </span>
    </p>
   </div>
   <div class='ocr_carea' id='block_1_4' title="bbox 342 3440 2372 4075">
    <p class='ocr_par' dir='ltr' id='par_1_8' title="bbox 342 3440 2372 4075">
     <span class='ocr_line' id='line_1_28' title="bbox 350 3440 2365 3536; baseline 0.006 -33"><span class='ocrx_word' id='word_1_210' title='bbox 350 3440 503 3520; x_wconf 82' lang='lat' dir='ltr'>dita,</span> <span class='ocrx_word' id='word_1_211' title='bbox 542 3465 688 3526; x_wconf 82' lang='lat' dir='ltr'>quae</span> <span class='ocrx_word' id='word_1_212' title='bbox 726 3447 791 3506; x_wconf 81' lang='lat' dir='ltr'>in</span> <span class='ocrx_word' id='word_1_213' title='bbox 824 3447 1129 3536; x_wconf 77' lang='lat' dir='ltr'>seminarii</span> <span class='ocrx_word' id='word_1_214' title='bbox 1164 3448 1509 3511; x_wconf 74' lang='lat' dir='ltr'>bibliotheca</span> <span class='ocrx_word' id='word_1_215' title='bbox 1544 3464 1870 3526; x_wconf 80' lang='lat' dir='ltr'>servantur,</span> <span class='ocrx_word' id='word_1_216' title='bbox 1900 3453 2108 3532; x_wconf 84' lang='lat' dir='ltr'>partim</span> <span class='ocrx_word' id='word_1_217' title='bbox 2147 3452 2222 3514; x_wconf 89' lang='lat' dir='ltr'>ad</span> <span class='ocrx_word' id='word_1_218' title='bbox 2244 3475 2365 3536; x_wconf 79' lang='lat' dir='ltr'>gra-</span> 
     </span>
     <span class='ocr_line' id='line_1_29' title="bbox 342 3546 2362 3636; baseline 0.004 -24"><span class='ocrx_word' id='word_1_219' title='bbox 342 3546 563 3624; x_wconf 76' lang='lat' dir='ltr'>viores,</span> <span class='ocrx_word' id='word_1_220' title='bbox 600 3549 811 3632; x_wconf 73' lang='lat' dir='ltr'>partim</span> <span class='ocrx_word' id='word_1_221' title='bbox 851 3547 929 3612; x_wconf 79' lang='lat' dir='ltr'>ad</span> <span class='ocrx_word' id='word_1_222' title='bbox 961 3551 1254 3634; x_wconf 85' lang='lat' dir='ltr'>politiores</span> <span class='ocrx_word' id='word_1_223' title='bbox 1294 3552 1513 3614; x_wconf 85' lang='lat' dir='ltr'>litteras</span> <span class='ocrx_word' id='word_1_224' title='bbox 1554 3553 1897 3636; x_wconf 84' lang='lat' dir='ltr'>pertinentia</span> <span class='ocrx_word' id='word_1_225' title='bbox 1919 3583 1940 3614; x_wconf 76' lang='lat' dir='ltr'><em>e</em></span> <span class='ocrx_word' id='word_1_226' title='bbox 1976 3555 2132 3616; x_wconf 82' lang='lat' dir='ltr'>Tam</span> <span class='ocrx_word' id='word_1_227' title='bbox 2183 3559 2362 3622; x_wconf 78' lang='lat' dir='ltr'>multa</span> 
     </span>
     <span class='ocr_line' id='line_1_30' title="bbox 344 3655 2362 3746; baseline 0.001 -28"><span class='ocrx_word' id='word_1_228' title='bbox 344 3675 413 3718; x_wconf 76' lang='lat' dir='ltr'>sc</span> <span class='ocrx_word' id='word_1_229' title='bbox 449 3655 755 3734; x_wconf 69' lang='lat' dir='ltr'>dissimilia</span> <span class='ocrx_word' id='word_1_230' title='bbox 792 3660 983 3722; x_wconf 77' lang='lat' dir='ltr'>studia</span> <span class='ocrx_word' id='word_1_231' title='bbox 1020 3661 1323 3725; x_wconf 81' lang='lat' dir='ltr'>admodum</span> <span class='ocrx_word' id='word_1_232' title='bbox 1356 3662 1586 3746; x_wconf 76' lang='lat' dir='ltr'>vigente</span> <span class='ocrx_word' id='word_1_233' title='bbox 1623 3675 1806 3726; x_wconf 82' lang='lat' dir='ltr'>aetate</span> <span class='ocrx_word' id='word_1_234' title='bbox 1845 3663 2170 3746; x_wconf 83' lang='lat' dir='ltr'>complexus</span> <span class='ocrx_word' id='word_1_235' title='bbox 2192 3710 2212 3740; x_wconf 92' lang='lat'><strong>,</strong></span> <span class='ocrx_word' id='word_1_236' title='bbox 2239 3687 2362 3730; x_wconf 69' lang='lat' dir='ltr'>ma.</span> 
     </span>
     <span class='ocr_line' id='line_1_31' title="bbox 346 3767 2372 3852; baseline 0 -22"><span class='ocrx_word' id='word_1_237' title='bbox 346 3785 515 3846; x_wconf 69' lang='lat' dir='ltr'>guam</span> <span class='ocrx_word' id='word_1_238' title='bbox 536 3767 627 3829; x_wconf 86' lang='lat' dir='ltr'>sui</span> <span class='ocrx_word' id='word_1_239' title='bbox 649 3771 1125 3852; x_wconf 79' lang='lat' dir='ltr'>exspectationem</span> <span class='ocrx_word' id='word_1_240' title='bbox 1150 3786 1527 3834; x_wconf 82' lang='lat' dir='ltr'>commoverat</span> <span class='ocrx_word' id='word_1_241' title='bbox 1542 3815 1558 3832; x_wconf 90' lang='lat'><strong>.</strong></span> <span class='ocrx_word' id='word_1_242' title='bbox 1582 3770 1970 3834; x_wconf 82' lang='lat' dir='ltr'>Salomonium</span> <span class='ocrx_word' id='word_1_243' title='bbox 1993 3769 2190 3838; x_wconf 79' lang='lat' dir='ltr'>audire</span> <span class='ocrx_word' id='word_1_244' title='bbox 2213 3791 2372 3852; x_wconf 79' lang='lat' dir='ltr'>prae·-</span> 
     </span>
     <span class='ocr_line' id='line_1_32' title="bbox 354 3873 2370 3964; baseline 0 -28"><span class='ocrx_word' id='word_1_245' title='bbox 354 3884 501 3946; x_wconf 64' lang='grc' dir='ltr'>ιω,</span> <span class='ocrx_word' id='word_1_246' title='bbox 550 3873 647 3953; x_wconf 81' lang='lat' dir='ltr'>qui</span> <span class='ocrx_word' id='word_1_247' title='bbox 684 3895 813 3936; x_wconf 85' lang='lat' dir='ltr'>eum</span> <span class='ocrx_word' id='word_1_248' title='bbox 852 3875 1019 3938; x_wconf 83' lang='lat' dir='ltr'>nobis</span> <span class='ocrx_word' id='word_1_249' title='bbox 1058 3877 1287 3939; x_wconf 83' lang='lat' dir='ltr'>exbibet</span> <span class='ocrx_word' id='word_1_250' title='bbox 1309 3923 1329 3954; x_wconf 90' lang='lat'>,</span> <span class='ocrx_word' id='word_1_251' title='bbox 1366 3883 1563 3964; x_wconf 86' lang='lat' dir='ltr'>paucis</span> <span class='ocrx_word' id='word_1_252' title='bbox 1602 3879 1832 3962; x_wconf 87' lang='lat' dir='ltr'>quidem</span> <span class='ocrx_word' id='word_1_253' title='bbox 1853 3925 1873 3957; x_wconf 89' lang='lat'><strong>,</strong></span> <span class='ocrx_word' id='word_1_254' title='bbox 1912 3877 2016 3946; x_wconf 71' lang='lat' dir='ltr'>sed</span> <span class='ocrx_word' id='word_1_255' title='bbox 2055 3876 2254 3938; x_wconf 85' lang='lat' dir='ltr'>solidis</span> <span class='ocrx_word' id='word_1_256' title='bbox 2295 3876 2370 3936; x_wconf 82' lang='lat' dir='ltr'>li-</span> 
     </span>
     <span class='ocr_line' id='line_1_33' title="bbox 348 3977 2288 4075; baseline 0.002 -37"><span class='ocrx_word' id='word_1_257' title='bbox 348 3979 667 4040; x_wconf 70' lang='lat' dir='ltr'>minentis</span> <span class='ocrx_word' id='word_1_258' title='bbox 699 3997 1026 4062; x_wconf 79' lang='lat' dir='ltr'>expressum</span> <span class='ocrx_word' id='word_1_259' title='bbox 1070 3979 1397 4064; x_wconf 81' lang='lat' dir='ltr'>(Append.</span> <span class='ocrx_word' id='word_1_260' title='bbox 1436 3987 1704 4068; x_wconf 73' lang='lat' dir='ltr'>inscript.</span> <span class='ocrx_word' id='word_1_261' title='bbox 1737 3994 1870 4070; x_wconf 77' lang='lat' dir='ltr'>pat.</span> <span class='ocrx_word' id='word_1_262' title='bbox 1903 4003 2051 4070; x_wconf 68' lang='lat' dir='ltr'>pag.</span> <span class='ocrx_word' id='word_1_263' title='bbox 2091 3977 2288 4075; x_wconf 49' lang='lat' dir='ltr'>affl)</span> 
     </span>
    </p>
   </div>
  </div>
 </body>
</html>
