3125 4975
771 336 908 419 δυο
1675 354 1841 409 vnn

853 484 986 563 Sed
1022 476 1162 581 eius
1203 476 1404 555 virtus
1445 497 1581 557 tam
1623 485 1913 575 angustis
1952 484 2190 555 finibus
2246 476 2463 555 claudi
2512 478 2783 578 nequih

765 600 874 675 Ab
927 601 1269 673 aestuariis
1323 598 1458 669 illis
1505 598 1870 667 Taurinum
1928 599 2103 667 volat
2138 597 2437 691 ejusdem
2494 622 2733 669 nomen
2760 644 2781 671 ι

763 722 871 793 Ibi
929 722 1218 813 cogitant
1279 719 1624 790 honestam
1690 716 2076 787 missionem
2142 719 2297 787 dare
2352 718 2781 787 celeberrimo

762 832 1266 927 Tagliazucchio
1285 878 1306 919 ‚
1351 848 1419 899 et
1447 829 1761 939 Natalem
1800 830 1869 898 in
1910 828 2051 922 ejus
2088 830 2305 897 locum
2342 828 2673 911 sufficere,
2710 846 2786 901 ut

763 947 1208 1039 eloquentiam
1249 942 1627 1035 profiteatur
1680 942 1752 1011 in
1790 942 1970 1033 regio
2008 943 2129 1011 illo
2181 942 2553 1013 Athenaeo.
2610 948 2781 1013 Eum

725 1064 1146 1155 ‘sustinendo
1193 1078 1375 1131 tauto
1435 1060 1734 1145 muneri,
1788 1076 1858 1129 et
1911 1061 2166 1130 nomini
2212 1084 2441 1151 parem
2498 1061 2741 1129 ducunt
2764 1102 2780 1129 ι

765 1180 996 1251 Caruit
1055 1200 1157 1247 res
1211 1189 1490 1258 eventu,
1551 1174 1727 1263 quod
1788 1174 2125 1243 Lastesius
2190 1172 2510 1243 abstinuit
2570 1170 2783 1241 officio

752 1296 1094 1387 quolibet.
1143 1296 1285 1365 Hoc
1322 1292 1539 1381 ipsum
1590 1289 1691 1360 illi
1726 1290 1979 1361 aditum
2020 1292 2388 1361 interclusit
2424 1292 2511 1360 ad
2548 1312 2781 1358 munus

715 1490 730 1496 ,
764 1438 972 1505 aeque
1032 1410 1454 1504 splendidum
1519 1408 1957 1481 obtinendum
2024 1409 2097 1479 in
2156 1409 2421 1503 publico
2476 1407 2785 1501 patavino

759 1532 1014 1619 Lyceo.
2248 1528 2254 1533 ’

849 1650 944 1716 At
979 1644 1344 1738 praemium
1387 1634 1616 1713 retulit
1650 1633 1791 1735 eius
1831 1632 2091 1711 virtutis
2128 1640 2531 1731 praestantia
2566 1630 2793 1729 cogni-n

760 1774 869 1843 ta,
907 1774 975 1827 et
1027 1760 1234 1827 honor
1285 1755 1677 1825 cumulatior
1729 1753 1971 1823 rediit.
2032 1752 2203 1823 Eum
2258 1776 2485 1821 omnes
2542 1768 2790 1843 magna

757 1874 1246 1945 existimatione
1301 1872 1605 1961 prosequi
1662 1871 1784 1938 visi
1839 1885 2031 1955 sunt,
2071 1893 2308 1961 magna
2363 1870 2787 1945 observantia

755 1988 1006 2069 colere,
1045 1984 1300 2053 nobiles
1337 1982 1542 2051 etiam
1582 1982 1749 2067 viri,
1786 1983 2157 2075 litterisque
2198 1984 2579 2073 conspicui3
2620 2006 2781 2074 prae

755 2102 992 2173 ceteris
1027 2098 1492 2168 celeberrimus
1529 2098 1801 2168 Marcus
1836 2100 2235 2169 Foscarenus
2272 2122 2425 2167 eum
2466 2099 2774 2167 honor-ilia

759 2240 834 2285 ce
865 2213 1176 2306 privatim
1213 2212 1448 2295 habuit
1466 2264 1485 2299 ‚
1523 2230 1591 2283 et
1628 2214 1699 2283 in
1738 2237 1809 2284 re
1846 2215 2167 2284 litteraria
2204 2238 2334 2283 non
2372 2216 2580 2284 semel
2620 2238 2769 2284 usus

755 2345 858 2399 est
901 2328 1044 2423 ejus
1079 2350 1320 2417 opera3
1373 2326 1544 2397 illud
1580 2326 1801 2398 dolere
1836 2327 2111 2413 solitus,
2138 2330 2313 2419 quod
2340 2312 2547 2399 serius
2588 2352 2777 2421 agno·

750 2446 958 2520 visset
1011 2462 1270 2520 tantum
1313 2444 1574 2533 virum,
1620 2426 1729 2516 cui
1784 2462 1852 2517 et
1906 2446 2033 2537 ipsi
2076 2448 2367 2518 detulere
2421 2449 2772 2538 plurimum

745 2569 1176 2658 magistratus
1199 2617 1216 2634 .
1255 2568 1344 2636 Et
1377 2564 1464 2633 ab
1501 2565 1611 2634 his
1652 2566 1920 2654 quidem
1948 2566 2195 2635 electus
2234 2569 2317 2636 ad
2356 2567 2768 2636 scribendam

748 2685 1096 2756 historiam
1139 2683 1382 2772 publici
1420 2683 1954 2774 Archigymnasii
1998 2685 2333 2774 patavini,
2372 2684 2495 2754 fuit
2526 2686 2651 2755 hoc
2687 2686 2770 2755 ab

751 2803 996 2876 iisdem
1027 2817 1254 2892 postea
1287 2800 1536 2868 levatus
1576 2825 1773 2870 onere
1794 2853 1809 2870 .
1840 2803 1991 2871 Fuit
2028 2804 2232 2872 etiam
2253 2804 2337 2873 ab
2368 2804 2533 2894 ipsis
2559 2804 2769 2898 jussus

746 2923 1066 2994 librorum
1103 2916 1498 3006 Inspectoris
1537 2921 1647 3007 (1)
1686 2918 1903 2988 officio
1966 2919 2148 3013 fungi
2188 2922 2257 2990 in
2296 2923 2425 3009 iis,
2460 2947 2626 3015 quae
2680 2943 2773 2992 re·

747 3033 1066 3122 ligionem
1123 3029 1494 3120 attingunt.
1559 3029 1796 3100 Eidem
1854 3049 2193 3123 practerea
2230 3032 2507 3105 facultas
2564 3033 2771 3103 tradi-

749 3165 820 3218 ta
855 3147 963 3238 (a)
999 3146 1397 3238 expediendi
1433 3149 1666 3217 Brevia
1704 3151 2063 3239 apostolica
2086 3203 2103 3220 .
2142 3151 2395 3221 Invitus
2434 3151 2609 3242 quod
2664 3175 2771 3221 se-

749 3265 942 3358 quius
995 3267 1122 3353 sit,
1175 3265 1258 3336 de
1311 3266 1435 3336 hoc
1490 3267 1631 3336 viro
1680 3268 1951 3358 loquor.
1991 3272 2069 3338 In
2108 3268 2235 3338 hoc
2270 3291 2400 3337 non
2460 3269 2768 3340 omnibus

745 3380 1104 3452 satisfecit:
1143 3381 1304 3471 quin
1357 3382 1428 3448 in
1479 3379 1910 3460 offensionem
1963 3381 2279 3452 incurrit.
2333 3383 2489 3452 Non
2545 3396 2769 3452 tamen

749 3516 1098 3599 propterea
1153 3500 1411 3571 destitit
1469 3501 1681 3593 rogari
1734 3527 1773 3572 a
1820 3502 2117 3594 pluribus
2158 3520 2227 3574 et
2284 3501 2575 3573 coufsuli.
2610 3503 2772 3570 Fre-

1419 3703 2075 3738 mmmmm

827 3851 927 3932 (1)
965 3851 1140 3912 Anno
1188 3847 1358 3932 1765.

827 3957 928 4037 (2)
962 3957 1135 4022 Anno
1182 3957 1351 4039 1769.
