3125 4975
727 361 886 458 ’196

1594 493 1930 570 VITA

1092 625 1681 834 ANTONH
1753 721 2434 840 zAN0L1N1
2570 841 2581 874 ..

835 1469 1230 1619 Calendis
1292 1547 1466 1643 Maii
1492 1601 1515 1634 ‚
1572 1568 1744 1619 anno
1796 1547 1988 1618 tertio
2038 1564 2107 1620 et
2160 1551 2587 1643 nonagesimo
2634 1577 2785 1628 sac-

745 1666 880 1742 culi
913 1668 1123 1737 XVII
1175 1665 1390 1741 editus
1431 1680 1534 1734 est
1574 1663 1833 1740 Patavii
1870 1665 2199 1736 Antonius
2236 1670 2634 1758 Zanolinus‚
2675 1671 2789 1742 lit..

746 1784 976 1853 teratis
1001 1783 1270 1874 quidem
1309 1779 1649 1864 omnibm,
1690 1777 1806 1849 sed
1836 1782 2242 1857 amatoribus
2280 1784 2651 1877 linguarum
2682 1811 2788 1860 ve-

749 1915 962 1972 tcrum
1003 1895 1353 1986 praecipue
1392 1915 1579 1968 carus
1598 1945 1615 1962 .
1678 1893 1991 1962 Parentes
2028 1893 2263 1970 habuit
2296 1899 2619 1972 Joannem
2650 1901 2781 1972 Za..

747 2014 1054 2084 nolinum
1123 2027 1194 2082 et
1253 2013 1520 2084 Annam
1582 2009 1669 2081 de
1712 2011 2077 2102 carrariis,
2112 2014 2391 2084 honesto
2434 2037 2671 2106 genere
2710 2041 2782 2086 u-

746 2146 1050 2224 trumque
1093 2146 1323 2202 natum
1351 2181 1369 2200 .
1418 2131 1689 2200 Annum
1720 2147 2029 2222 quartum
2067 2155 2144 2202 ao
2180 2131 2511 2202 decimum
2548 2130 2607 2202 is
2648 2132 2781 2204 im-

745 2249 1042 2342 pleverat
1061 2303 1083 2338 ,
1107 2249 1484 2346 cum·hujus
1521 2247 1876 2322 seminarii
1916 2249 2203 2322 alumnis
2242 2248 2607 2341 adscriptus
2637 2270 2771 2342 est,

744 2367 852 2442 lv
896 2367 1155 2448 scilicet
1204 2367 1533 2442 calendas
1589 2368 1945 2442 Decembr.
1986 2393 2140 2445 ann.
2196 2393 2389 2463 ¹707·
2436 2369 2784 2442 Institutus

747 2504 942 2563 autea
991 2489 1442 2585 grammaticis
1495 2488 2110 2581 praeceptionibus,
2166 2490 2393 2559 statim
2426 2489 2647 2581 coepit
2700 2490 2787 2563 ad

745 2603 1231 2681 humanitatem
1281 2602 1697 2696 politioribus
1733 2601 1973 2675 litteris
2010 2598 2387 2672 informari,

837 2724 1206 2797 Plurimum
1245 2717 1568 2790 memoria
1606 2717 1857 2802 valuit3
1888 2736 2187 2807 quaeque
2212 2737 2375 2805 puer
2398 2714 2649 2807 legerat
2674 2714 2782 2792 vel

747 2835 1088 2920 audierat,
1123 2854 1330 2909 senex
1367 2829 1800 2907 meminerat.
1835 2833 1995 2899 Erat
2040 2829 2294 2920 peracri
2334 2829 2598 2924 ingenio
2617 2832 2782 2920 ,fla-

743 2951 960 3037 granti
997 2948 1254 3029 studio,
1315 2944 1617 3023 discendi
1657 2944 1974 3016 aviditate
2030 2946 2423 3019 inexhausta
2446 3000 2463 3022 .
2502 2949 2628 3020 His
2667 2974 2781 3021 ac·-

749 3059 1027 3131 cedebat
1078 3059 1310 3150 ingens
1343 3058 1631 3149 corporis
1684 3058 1963 3135 firmitas
2024 3082 2102 3129 ac
2168 3082 2371 3152 prope
2430 3060 2784 3147 herculea,

749 3172 1167 3253 exantlandis
1231 3168 1639 3269 quibuslibet
1700 3172 1809 3246 vel
1860 3172 2182 3264 improbis
2230 3197 2350 3265 par
2403 3174 2736 3249 laboribus
2762 3228 2782 3249 .

748 3292 894 3369 Hac
932 3310 1117 3371 tanta
1161 3291 1564 3368 liberalitate
1601 3309 1875 3365 naturae
1912 3291 2202 3385 gaudens
2239 3292 2564 3367 Antonius
2618 3308 2788 3365 neto-
2860 3350 2875 3369 .

745 3411 842 3487 ris
895 3411 1210 3487 antistare
1248 3410 1542 3497 solebat,
1586 3410 1881 3503 praemia
1916 3407 2197 3497 referre,
2236 3410 2478 3481 mirum
2530 3409 2601 3479 in
2637 3432 2783 3481 mo-

751 3530 911 3603 dum
956 3529 1261 3623 progredi
1285 3582 1302 3599 .
1347 3530 1526 3606 Illud
1572 3530 1945 3621 peculiare:
1999 3528 2323 3621 quidquid
2394 3527 2781 3603 discendum

615 3640 618 3647 ’
749 3647 888 3725 sibi
933 3664 1323 3739 proponeret
1349 3698 1372 3731 ,
1418 3648 1560 3717 sive
1620 3648 1910 3740 linguas,
1956 3648 2099 3718 sivo
2161 3646 2566 3741 amoeniores
2602 3645 2789 3717 litte-.-

751 3782 861 3837 τυ
875 3810 901 3847 ‚
929 3758 1071 3829 sivo
1094 3758 1406 3835 scientias
1428 3812 1451 3845 ,
1482 3760 1554 3830 in
1594 3782 1674 3830 eo
1720 3761 1884 3831 adeo
1922 3756 2289 3830 excellebat
2308 3811 2331 3846 ‚
2358 3775 2433 3830 ut
2460 3776 2648 3829 natus
2673 3782 2786 3851 po.

751 3880 1090 3960 tissimum
1121 3878 1449 3949 videretur
1485 3878 1568 3948 ad
1605 3878 1803 3967 illud3
1829 3902 2025 3970 quem
2066 3894 2288 3951 tamen
2316 3876 2402 3947 ad
2432 3877 2655 3947 omnia
2690 3874 2785 3951 fa„

755 4016 940 4079 etum
983 4022 1116 4075 non
1153 3995 1300 4076 sine
1343 3996 1780 4077 admiratione
1816 4010 2137 4073 testantur
2188 3993 2398 4091 ipsius
2437 3994 2733 4087 magistri
2757 4040 2781 4071 ο
