3125 4975
924 376 1166 425 siconi
1212 374 1602 427 neonem
2173 370 2300 441 113
2381 454 2387 461 .

258 494 660 577 stitutionis,
700 494 785 565 de
823 493 975 564 aliis
1029 496 1113 565 ad
1153 494 1598 565 Seminarium
1653 496 2103 587 spectantibus
2144 505 2250 595 (ι)
2275 558 2292 579 .

263 628 457 707 Hunc
496 614 853 721 aliquando
899 614 1157 691 itineris
1189 615 1440 689 socium
1476 614 1682 685 voluit
1719 632 1786 685 et
1823 617 2265 714 rusticationis
2286 650 2308 711 3

262 763 334 812 et
370 738 603 813 eodem
642 756 801 805 usus
838 748 943 803 est
989 748 1349 822 anagnoste
1402 732 1550 823 (2).
1593 734 1696 801 De
1753 758 1880 823 qno
1933 735 2304 816 identidem

266 850 649 931 Jacobettus
688 848 761 925 in
801 844 938 915 suis
976 844 1309 935 epistolis,
1350 844 1541 913 Idem
1583 844 1706 915 rite
1745 862 1972 937 postea
2010 848 2078 918 in
2138 848 2318 942 judi..

266 971 372 1041 cio
410 970 495 1041 de
534 965 839 1057 Gregorii
880 964 1231 1035 sanctitate
1264 962 1570 1053 religiose
1609 964 2062 1035 testimonium
2099 966 2312 1057 dixit3

268 1088 443 1181 quod
480 1086 839 1159 admodum
886 1106 1045 1153 sane
1086 1081 1418 1172 locuples.
1464 1084 1527 1149 Is
1581 1082 1763 1151 enim
1819 1088 2073 1180 optime
2137 1087 2303 1155 Car-

273 1206 565 1279 dinalem
598 1222 824 1289 norat,
872 1219 943 1277 et
992 1200 1135 1303 eius
1194 1200 1625 1297 religionem,
1680 1201 2052 1288 studiosus,
2109 1228 2308 1295 quam

276 1326 389 1416 qui
440 1323 733 1397 maxime
757 1375 779 1409 ,
816 1338 886 1391 et
920 1323 1065 1413 ipse
1109 1319 1486 1410 religionis..

283 1515 291 1525 ,
372 1440 574 1511 Nihil
609 1438 779 1509 ferre
834 1454 1090 1529 poterat
1124 1493 1143 1524 ‚
1190 1438 1366 1529 quod
1406 1438 1710 1508 eamdem
1751 1440 2048 1533 laederet
2073 1442 2176 1511 vel
2216 1444 2317 1512 lc-

286 1555 565 1625 vissime
598 1610 613 1624 .
653 1551 941 1641 Divina,
977 1556 1007 1646 (
1037 1554 1131 1624 sic
1183 1554 1301 1624 ille
1359 1556 1584 1627 nescio
1643 1558 1747 1627 cui
1788 1556 2031 1651 iocanti
2098 1562 2326 1635 minus

287 1673 707 1769 opportune)
746 1672 1015 1759 divina,
1055 1686 1124 1743 et
1164 1697 1334 1763 quae
1370 1670 1618 1744 divinis
1677 1674 2084 1765 adhaerent,
2124 1705 2320 1749 numq

283 1814 484 1879 quam
516 1788 813 1881 tangito,
848 1789 985 1861 nisi
1019 1800 1253 1863 sancte
1289 1790 1436 1883 (3).
1486 1792 1746 1862 Amicis
1786 1796 2010 1865 omnia
2067 1798 2313 1878 condo-

284 1906 485 1984 nabat
520 1922 779 1999 praeter
814 1906 1023 1993 vitia3
1061 1906 1273 1975 immo
1314 1931 1424 1977 eos
1466 1906 1904 1997 admonebat,
1942 1938 2136 1982 verae
2195 1914 2319 1983 hoc

284 2040 349 2093 et
382 2024 697 2119 ingenuae
736 2026 1079 2096 amicitiae
1118 2024 1409 2097 officium
1454 2046 1689 2119 putans
1728 2084 1744 2100 .
1785 2029 1868 2101 ld
1903 2030 2042 2103 nisi
2086 2058 2316 2103 mone-

288 2166 474 2228 rem,
509 2144 731 2214 eidem
774 2145 907 2230 ait,
944 2168 1079 2213 non
1121 2152 1191 2212 te
1226 2142 1586 2236 diligerem
1629 2148 1736 2239 (4)
1759 2201 1774 2218 .
2278 2221 2284 2227 ,

384 2257 671 2329 Graecas
709 2258 959 2326 litteras
1000 2281 1115 2349 pro
1234 2258 1424 2327 vendi
1450 2312 1471 2343 ,
1508 2278 1576 2329 et
1614 2262 1778 2330 alios
1821 2261 2086 2353 iuvandi
2111 2264 2329 2335 studio

298 2392 664 2461 numquam
704 2370 1037 2445 laboribus
1076 2282 1369 2463 pffiercit
1394 2425 1409 2441 .
1462 2376 1680 2463 Quare
1740 2376 1986 2445 viribus
2041 2379 2330 2469 corporis

299 2487 612 2580 languere
647 2485 915 2578 coepit3
952 2484 1214 2579 vigebat
1252 2503 1476 2556 tamen
1516 2489 1772 2572 enimn,
1813 2489 2194 2582 virebatque
2231 2494 2328 2561 in-

295 2601 496 2696 tegris
531 2599 833 2671 sensibus
856 2653 871 2670 .
909 2600 1110 2670 Domi
1152 2603 1425 2696 posthac
1464 2625 1535 2672 se
1580 2603 1904 2670 continuit
1930 2656 1952 2687 ,
1992 2628 2188 2694 quem
2228 2631 2328 2674 so-

298 2715 527 2789 lebant
584 2713 785 2786 mult'r
824 2713 1143 2799 invisere,
1200 2715 1444 2807 partim
1494 2715 1711 2792 civilis
1769 2733 2022 2786 tantum
2073 2715 2267 2785 officii
2310 2773 2332 2804 ,

302 2829 543 2920 partim
573 2829 777 2899 etiam
808 2829 1106 2922 discendi
1135 2829 1375 2924 gratia.
1401 2834 1692 2902 Mortem
1730 2831 2011 2924 oppetiit
2043 2831 2144 2902 IV
2174 2832 2332 2902 Idus

300 2943 521 3037 Maias
559 2968 733 3013 anno
778 2945 974 3036 1737,
1000 2943 1240 3014 aetatis
1276 2939 1365 3037 74
1391 2944 1492 3014 sui
1524 2945 1926 3018 desiderium
1953 2945 2328 3037 relinquens

300 3061 645 3149 omuibus,
684 3063 1037 3154 praecipue
1075 3063 1303 3156 egenis
1346 3063 1417 3132 in
1454 3089 1617 3155 quos
1659 3055 1907 3135 eximie
1945 3065 2288 3136 munificus
2311 3115 2330 3133 .

302 3175 609 3265 Sepultus
647 3175 821 3269 jacet
866 3177 941 3248 in
976 3175 1339 3250 cathedrali
1382 3180 1544 3249 aede
1584 3179 1890 3268 patavina
1930 3201 2058 3245 non
2106 3173 2334 3268 procul

304 3286 395 3356 ab
432 3311 541 3357 ara
576 3289 881 3382 Virginis
942 3289 1275 3382 Deiparae
1314 3315 1465 3362 curu
1519 3291 1644 3362 hoc
1684 3293 1872 3362 titulo
1892 3343 1913 3376 ,
1961 3290 2142 3383 cuius
2210 3313 2327 3366 aus·

304 3415 447 3470 ctor
481 3399 907 3479 Sebastianus
940 3405 995 3479 F
997 3428 1311 3476 ranzonus
1340 3434 1355 3476 :

990 3573 1652 3612 mmmsmmwfmm

392 3699 492 3776 (ι)
538 3697 891 3783 Opusculor.
934 3725 1065 3786 pag.
1108 3709 1247 3790 273.

392 3806 495 3880 (2)
542 3806 693 3870 lbid.
730 3829 863 3892 pag.
910 3815 1039 3892 198.

397 3911 499 3988 (3)
544 3911 697 3973 Ibid.
732 3935 865 3998 pag.
904 3937 1043 3986 222.

384 4013 491 4092 (4)
536 4013 763 4084 Ibidem
790 4062 807 4080 .
859 4095 905 4171 Β
