3125 4975
2202 436 2345 489 XXV

307 542 402 646 jus
439 532 744 620 universi
784 554 918 613 non
960 550 1208 611 temere
1243 557 1374 613 nec·
1401 554 1558 611 casu
1611 531 1831 614 effecti
1860 597 1881 629 ,
1921 548 2037 617 sed
2084 552 2349 641 sapien-

305 666 392 733 tia
427 658 854 748 consilioque
891 655 1160 740 divino,
1192 654 1504 725 videlieet
1541 672 1611 724 ut
1640 656 1979 727 hominem
2014 658 2343 735 nefarium

303 798 368 849 et
420 775 723 849 absurda
779 772 1166 864 opinionum
1218 788 1514 841 monstra
1570 796 1873 863 perverse
1928 800 2005 845 ao
2059 778 2337 869 turpiter

302 890 753 984 proferentem
791 884 1090 955 omnium
1131 884 1460 953 rationum
1501 885 1566 955 vi
1620 884 1907 973 refellat,
1962 913 2039 957 sc
2092 892 2341 980 pudore

255 1050 264 1057 -
303 1008 684 1081 suffundat.
725 1008 1060 1096 Quantum
1101 1026 1256 1073 vero
1293 1003 1585 1073 delector
1620 1028 1845 1075 eorum
1883 1009 2291 1079 sermonibus
2314 1060 2339 1096 ,

301 1128 418 1219 qui
459 1127 547 1195 de
585 1126 872 1194 humano
911 1123 1140 1191 animo
1197 1120 1612 1209 disputantes
1651 1123 1987 1213 explicant
2040 1124 2337 1196 liberali-

307 1256 449 1329 ter,
490 1268 568 1314 ae
607 1242 914 1311 molliunt
949 1262 1370 1309 numerorum
1411 1238 1767 1325 suavitate,
1816 1242 2134 1334 quidquid
2196 1245 2339 1314 dis-
2452 1282 2461 1289 ·

313 1378 539 1434 serunt
575 1358 962 1452 philosophi
1003 1374 1146 1426 tum
1202 1368 1452 1425 veteres
1510 1372 1647 1427 tum
1689 1374 1979 1427 recentes
2017 1360 2099 1430 de
2150 1379 2333 1432 natu-

315 1498 394 1543 ra
430 1476 574 1565 eius
613 1473 944 1559 simpiiei‚
980 1487 1046 1539 et
1083 1468 1368 1559 praedita
1405 1468 1715 1539 facultate
1755 1472 2116 1561 cogitandi,
2147 1476 2334 1563 quid*

327 1592 492 1685 quid
525 1604 780 1683 spectat
815 1588 950 1682 ejus
985 1590 1356 1660 libertatem
1394 1590 1579 1659 nulla
1634 1586 2013 1660 adstrictam
2056 1594 2339 1661 necessi*

333 1724 536 1791 tate,
557 1703 873 1795 quidquid
928 1704 1196 1773 demum
1249 1702 1444 1773 illam
1497 1702 1985 1790 immortalem,
2022 1704 2335 1779 dissoluto

325 1840 626 1911 corpore,
665 1814 986 1907 pervincit
1021 1815 1040 1883 1

1493 1960 1532 2003 ν
1580 1932 1734 2009 Non
1772 1936 1995 2011 omnia
2030 1956 2243 2012 morte

393 2080 430 2119 n
473 2052 792 2138 Cessent,
813 2044 934 2121 sed
971 2066 1286 2142 superant
1323 2048 1570 2119 animi·
1553 2068 1731 2140 ,tum
1772 2054 1995 2133 debita
2035 2058 2329 2129 tamdem

394 2200 430 2237 n
473 2169 854 2262 Supplicia,
887 2187 1002 2239 aut
1035 2170 1276 2237 nostris
1315 2171 1665 2241 reddentur
1690 2174 1983 2263 praemia
2008 2172 2330 2266 factis(1).

303 2284 564 2374 Quibus
597 2284 670 2349 in
704 2282 900 2350 rebus
931 2305 1046 2371 per
1075 2306 1146 2351 se
1178 2283 1425 2373 asperis
1449 2301 1515 2353 et
1552 2286 1884 2376 explicatu
1918 2285 2329 2363 difficillimis

307 2400 640 2471 emouere
660 2450 681 2481 ,
740 2420 976 2488 easque
1012 2424 1136 2467 non
1183 2400 1378 2469 modo
1433 2402 1821 2492 explanare,
1858 2428 2083 2474 verum
2121 2406 2329 2479 etiam

305 2512 592 2608 poeticis
643 2512 832 2602 quasi
869 2512 1222 2582 luminibus
1257 2515 1546 2584 eolorare
1585 2540 1661 2582 ao
1699 2517 2097 2605 distinguere
2120 2519 2326 2604 ,haec

297 2628 574 2698 demum
616 2647 764 2694 vera
801 2623 944 2694 laus
983 2641 1120 2710 est,
1157 2642 1222 2694 et
1258 2625 1476 2696 facilis
1514 2619 1851 2716 vividique
1888 2628 2137 2715 ingenii
2176 2653 2321 2700 ma..

289 2749 482 2818 xima
518 2744 1006 2814 commendatio
1029 2792 1044 2810 .
1086 2745 1304 2835 Atque
1343 2745 1468 2814 hac
1505 2743 1776 2836 quidem
1812 2741 2009 2814 laude
2044 2759 2115 2812 et
2152 2767 2323 2814 eorn-

291 2863 720 2934 mendatione
757 2863 1148 2953 dignissima
1183 2879 1340 2932 sunt
1377 2861 1518 2957 ejus
1556 2862 1891 2948 earmina3
1932 2859 2169 2951 quibus
2214 2861 2317 2932 ni·-

291 2975 390 3046 hil
429 2999 582 3046 meo
621 2974 870 3068 judicio
911 2975 1164 3044 videtur
1201 2977 1462 3062 deesse,
1499 2977 1555 3045 si
1616 2977 1843 3046 latinis
1888 2974 2097 3046 musis
2148 2977 2325 3046 anti·
2420 3029 2435 3036 -

283 3073 700 3181 quus‘honor
747 3087 1106 3173 habeatur,
1141 3105 1398 3179 praeter
1437 3089 1739 3180 publicae
1770 3089 1941 3158 lueis
1977 3087 2319 3158 celebrita-

165 3219 174 3230 ·
289 3219 431 3271 tem
453 3251 472 3271 .
507 3202 636 3272 His
675 3219 742 3271 et
779 3203 928 3273 aliis
968 3192 1310 3292 plurimi&
1343 3195 1509 3293 qliae
1540 3219 1760 3272 vatem
1789 3202 2149 3294 ingenuum
2180 3226 2320 3294 pron-

289 3313 500 3396 bant,
555 3331 806 3384 tantam
862 3316 994 3384 sibi
1053 3317 1613 3385 existimationem
1668 3316 1841 3406 apud
1906 3317 2195 3406 singulos
2254 3333 2327 3386 et

286 3431 634 3502 universos
672 3427 1116 3526 comparavit,
1153 3443 1226 3505 ut
1265 3437 1498 3528 dignus
1538 3430 1801 3504 habitus
1840 3433 2071 3522 fuerit,
2100 3433 2325 3527 quial>

366 3809 468 3888 (ι)
511 3807 738 3871 Ceteris
779 3816 1072 3891 praestant
1109 3803 1322 3892 dialogi
1359 3811 1507 3886 duo,
1550 3809 1694 3872 alter
1726 3807 1803 3870 de‘
1843 3801 1975 3870 Deo
1996 3847 2020 3882 ,-
2077 3794 2311 3886 situque

283 3915 654 3998 providentia
677 3955 698 3987 ,
737 3915 884 3976 alter
921 3913 996 3976 de
1033 3931 1234 3978 natura
1273 3917 1585 3982 animorum
1612 3961 1633 3994 ,
1683 3915 1783 4001 qui
1818 3912 1997 3982 simul,
2050 3909 2318 3978 volumen

279 4011 449 4082 haud
487 4019 762 4102 exiguum
791 4018 1116 4103 legentibm
1153 4019 1421 4090 exhibent
1441 4055 1468 4107 2
