3125 4975
818 332 851 380 1
868 326 949 379 12
1739 317 1908 369 VITA

807 450 1011 521 etiam
1050 449 1119 519 in
1174 470 1291 519 suo
1357 443 1657 516 cubiculo
1693 440 2053 534 parietibus
2111 464 2471 532 appensam
2537 446 2838 520 tabulam

808 568 1197 641 referentem
1232 563 1557 635 Jacobetti
1596 563 1994 655 imaginem.
2051 560 2314 633 Ibidem
2353 563 2523 635 hanc
2587 569 2836 655 voluit,

806 682 1021 777 quoad
1058 680 1270 768 vixit,
1307 678 1405 751 uti
1444 694 1664 756 narrat
1695 678 1807 770 qui
1869 677 1953 747 de
1989 676 2125 748 vita
2156 702 2232 747 ac
2271 679 2508 751 studiis
2559 682 2839 752 illustris

806 797 1000 890 hujus
1040 811 1276 887 poetae
1312 793 1603 863 breviter
1635 808 1702 861 et
1741 792 2074 881 eleganter
2109 792 2376 883 scripsit
2411 796 2520 887 (ι)
2546 847 2561 868 .
2617 798 2836 870 Tanta

808 908 1145 981 doctrinae
1181 910 1227 981 J
1230 906 1512 977 acobetti
1552 907 1694 975 laus
1729 902 1892 973 fuit!
1940 905 2092 973 Non
2133 905 2350 973 minor
2389 906 2562 977 vitae
2585 959 2601 977 .
2649 964 2656 969 .

900 1022 1075 1091 Erat
1111 1011 1182 1090 in
1219 1020 1343 1093 hoc
1368 1020 1507 1090 viro
1538 1016 1862 1089 comitate
1895 1016 2170 1101 condita
2203 1020 2504 1111 gravitas·
2526 1073 2548 1107 ‚
2577 1045 2700 1091 nec
2735 1048 2835 1094 se.

806 1148 1037 1211 nectus
1070 1158 1290 1205 mores
1326 1132 1610 1203 mutavit
1647 1132 1753 1223 (2)
1781 1182 1797 1199 .
1839 1132 2058 1221 Quare
2093 1131 2401 1202 omnibus
2439 1157 2626 1203 carus
2663 1134 2832 1225 fuit3

808 1276 1035 1321 omnes
1082 1250 1401 1343 optabant
1438 1248 1538 1320 illi
1577 1246 1838 1318 evenire
1876 1270 2224 1339 prospera.
2264 1250 2564 1323 Invidiae
2599 1251 2834 1323 inimi-

804 1392 927 1439 ·ous
960 1372 1263 1440 alienam
1318 1366 1714 1437 industriam
1765 1364 1976 1452 fovit,
2032 1367 2201 1441 illud
2248 1393 2445 1461 saepe
2493 1390 2835 1463 repetens,

813 1483 1147 1557 neminem
1180 1484 1461 1555 alterius
1480 1536 1501 1568 ,
1540 1482 1656 1575 qui
1691 1482 1850 1553 suae
1885 1483 2252 1574 confideret
2268 1539 2290 1573 ‚
2309 1486 2540 1557 virtuti
2574 1488 2832 1557 invide-

806 1624 881 1671 re
916 1604 1023 1692 (3)
1058 1654 1073 1669 .
1128 1602 1261 1677 Sua
1316 1613 1489 1668 sorte
1542 1612 1886 1666 contentus
1939 1600 2289 1689 tranquille
2341 1598 2544 1671 vixi't.
2598 1602 2833 1671 Cultus

779 1720 1250 1811 ·⁸implioitas‚
1306 1718 1519 1789 victus
1575 1713 1911 1812 frugalitas
1947 1768 1969 1813 ἒ
2029 1718 2208 1793 vocis
2262 1720 2615 1793 auctoritas
2673 1743 2833 1795 eum

814 1835 1395 1909 commendabant.
2433 1828 2440 1837 ’
2645 1895 2659 1905 .

898 1946 1052 2018 Suis
1086 1947 1390 2019 laudibus
1428 1969 1557 2015 non
1605 1942 1961 2017 admodum
2001 1944 2443 2019 delectabatur
2462 1997 2477 2014 .
2505 1947 2830 2021 Frontem

808 2062 1115 2133 contraxi
1152 2064 1181 2153 (
1218 2064 1313 2134 ita
1362 2060 1698 2153 respondit
1735 2064 1989 2148 amico,
2032 2064 2142 2156 qui
2189 2063 2317 2133 sibi
2363 2065 2712 2155 scripserat
2750 2064 2852 2154 )‚'

808 2204 931 2249 nec
958 2180 1303 2274 degustavi
1332 2180 1399 2251 in
1424 2176 1545 2250 illo
1564 2204 1696 2249 uno
1713 2232 1735 2266 ,
1752 2178 1868 2249 ubi
1885 2176 2075 2274 large
2089 2180 2428 2273 efflseque
2442 2180 2524 2253 de
2551 2204 2658 2252 me
2677 2180 2784 2272 (4)
2807 2233 2824 2247 .

812 2299 1071 2370 Humili
1112 2300 1253 2371 loco
1290 2316 1479 2373 natus
1522 2322 1882 2398 numquam
1931 2298 2215 2372 fastidiit
2267 2326 2423 2373 suae
2469 2300 2832 2370 obscurita-

811 2430 945 2484 tem
983 2414 1278 2487 familiae
1305 2446 1324 2506 3
1348 2418 1505 2511 quin
1546 2419 1716 2490 ultro
1755 2442 1899 2490 eam
1941 2441 2097 2508 pr-ae
2137 2442 2210 2488 se
2248 2418 2528 2504 ferebat,
2554 2433 2623 2488 et
2660 2440 2834 2489 com-

807 2530 1218 2604 memorabat
1256 2533 1360 2602 vel
1397 2534 1636 2626 ignotis
1660 2585 1682 2609 .
1713 2535 1794 2601 In
1831 2555 1910 2602 eo
1948 2554 2074 2598 non
2134 2531 2520 2614 artificium,
2559 2556 2688 2600 non
2745 2529 2838 2600 si-

808 2648 1121 2738 mulatio,
1157 2675 1283 2719 non
1324 2650 1552 2734 fucus3
1597 2650 1694 2716 vir
1731 2663 1870 2716 erat
1907 2645 2176 2714 omnino
2213 2646 2399 2736 probi
2463 2663 2530 2714 et
2577 2648 2835 2740 antiqui

804 2768 1042 2850 moris,
1083 2767 1251 2834 hanc
1290 2767 1644 2854 praecipue
1681 2762 1766 2830 ob
1804 2785 2070 2831 causam
2112 2761 2276 2832 adeo
2311 2788 2496 2834 carus
2539 2765 2607 2836 B.
2658 2768 2831 2838 Gre-

804 2877 985 2965 gorio
1014 2875 1381 2943 Basbadico
1404 2925 1419 2942 .
1464 2877 1630 2942 Eum
1670 2874 1786 2944 ille
1815 2875 2104 2964 ‘benigne
2149 2876 2543 2947 admittebat
2575 2903 2649 2948 ac
2681 2903 2833 2970 pae-

800 2977 884 3057 ne
926 2987 1335 3058 familiariter
1388 2991 1493 3058 vel
1534 3007 1872 3080 aegrotus,
1923 2991 2210 3070 libenter
2267 3019 2416 3064 eum
2463 3019 2552 3064 eo
2601 2997 2831 3086 loque-

800 3104 992 3178 batur
1026 3105 1110 3174 de
1147 3105 1359 3198 ipsius
1406 3106 1790 3200 discipulis,
1829 3111 1913 3212 de
1953 3113 2205 3182 ratione
2244 3111 2672 3184 scholasticae
2717 3111 2825 3184 in·-

1480 3345 2142 3382 mmmmm-tu·

884 3509 981 3588 (ι)
1026 3509 1095 3568 In
1135 3512 1373 3593 epistola
1387 3557 1407 3587 ,
1446 3535 1616 3593 qnam
1661 3516 1953 3598 praemisit
2013 3513 2236 3582 vicarii
2285 3513 2539 3579 versibus
2597 3510 2824 3580 Patavii

806 3605 972 3671 editis
1012 3631 1161 3670 anno
1210 3613 1386 3692 ¹750,
1430 3615 1582 3696 typis
1617 3616 1954 3680 seminarii·

886 3712 985 3790 (2)
1028 3711 1156 3772 Cic.
1190 3709 1263 3772 (le
1302 3714 1527 3776 Senect.
1569 3736 1621 3775 c.
1661 3719 1719 3777 5.

886 3820 985 3896 (3)
1028 3817 1117 3880 ld.
1158 3817 1403 3900 Philipp.
1444 3821 1529 3880 X.
1564 3841 1634 3880 ο..
1667 3843 1720 3884 1.

888 3924 986 4008 (4)
1034 3923 1378 4008 Opusculor.
1420 3945 1555 4008 pag..
1589 3945 1726 4000 2:31.
