3125 4975
757 302 855 353 m

839 408 1044 507 Caius
1079 433 1272 483 meae
1311 406 1677 479 sententiae
1716 430 2040 501 quaenam
2080 432 2461 505 argumenta
2522 434 2769 509 queunt

751 528 998 623 majora
1037 550 1182 597 esse
1222 524 1308 593 iis
1367 522 1869 593 narratiunculis
1906 525 2461 617 hendecasyllabo
2500 530 2767 621 elegan-

747 662 848 717 ter
881 642 1324 733 concinnatis,
1345 642 1587 733 quibus
1624 642 1767 733 ipse
1804 666 1921 729 ea,
1952 669 2120 735 quae
2157 646 2225 713 in
2260 638 2394 717 {rita
2422 647 2765 718 hominum

746 756 1078 829 communi
1110 756 1323 825 solent
1359 756 1657 827 accidere
1678 810 1697 839 ,
1736 756 1971 826 vitiosa
1994 809 2011 839 ‚
2044 772 2157 825 aut
2192 759 2366 827 levia
2402 760 2765 831 salsissime

741 864 991 965 carpit,
1043 870 1407 961 eademque
1473 869 1891 958 politissimis
1948 868 2243 953 facetiis,
2296 888 2361 939 et
2400 874 2758 943 catuniano

747 990 967 1079 lepore
1003 988 1424 1079 conspergit?
1461 987 1587 1055 Cui
1628 1008 2043 1077 summopere
2082 1010 2211 1055 non
2264 988 2561 1061 ,arrideat
2598 992 2627 1083 (
2676 994 2765 1061 si·-

743 1107 880 1181 nite
919 1132 1030 1179 me
1051 1160 1072 1195 ‚
1136 1107 1504 1194 auditores,
1562 1104 1631 1171 in
1688 1104 1831 1198 ejus
1892 1104 2309 1185 carminibus
2348 1112 2763 1181 recensendis

741 1224 938 1313 paulo
973 1222 1228 1311 longius
1261 1216 1601 1287 immorari
1626 1269 1644 1299 ‚
1680 1238 1831 1285 cum
1864 1217 2277 1289 solummodo
2312 1220 2383 1289 in
2407 1245 2763 1311 paucorum

742 1340 1114 1433 cognitione
1151 1352 1528 1421 versentur,
1566 1351 1792 1424 utpote
1832 1334 1967 1429 jam
2016 1336 2129 1407 diu
2186 1356 2357 1423 tecta
2384 1392 2405 1425 ,
2468 1356 2537 1409 et
2600 1342 2763 1409 scri-

735 1456 872 1523 niis
913 1454 1136 1525 alidita
1169 1452 1254 1523 ob
1293 1449 1574 1521 auctoris
1598 1450 1989 1519 modestiam
2012 1452 2041 1542 )
2063 1452 2167 1521 cui
2190 1506 2209 1537 ,
2250 1432 2553 1544 inquam,
2589 1479 2779 1535 sum-

741 1590 1010 1660 mopere
1049 1590 1182 1637 non
1223 1564 1507 1659 arrideat
1541 1562 1773 1633 hilaris
1811 1563 2163 1653 descriptio
2202 1570 2500 1657 magistri
2539 1568 2759 1661 cujus-

742 1682 937 1765 dam,
975 1680 1086 1773 qui
1127 1679 1462 1749 iracundia
1499 1676 1930 1745 exardescens
1967 1677 2348 1767 perstringit
2385 1704 2459 1747 ac
2500 1682 2764 1750 vellicat

739 1792 1044 1885 gravibus
1073 1788 1268 1859 dictis
1293 1806 1362 1858 et
1385 1786 1610 1857 liberis
1637 1786 2197 1879 objurgationibus
2216 1790 2570 1882 discipulos
2590 1793 2763 1861 clan-

739 1911 962 1979 culum
993 1908 1320 2001 jocantes,
1369 1906 1760 1991 oscitantes,
1790 1906 2259 1995 mussitantes,
2301 1908 2760 2000 importunos?

825 2008 864 2095 s
912 2022 1297 2098 verberabo
1333 2048 1454 2115 ego
1499 2049 1655 2111 vos,
1688 2041 1755 2094 et
1792 2024 2150 2113 amovebo,
2318 2027 2329 2040 ‘

927 2172 967 2207 n
1011 2138 1186 2211 Mali
1229 2128 1536 2227 discipuli
1563 2190 1587 2225 ,
1624 2154 1821 2229 atque
1857 2139 2262 2231 negligentes
2288 2192 2306 2211 .

917 2290 956 2325 n
1001 2261 1189 2347 Quae
1225 2256 1683 2349 impudentia!
1727 2282 1926 2349 quam
1964 2257 2299 2329 insolens!
2344 2259 2594 2329 videte.

799 2464 806 2469 .
903 2402 956 2438 v
1001 2372 1134 2441 Hic
1169 2394 1394 2442 secum
1431 2372 1607 2442 male
1648 2387 1939 2458 mussat,
1980 2388 2177 2464 atque
2226 2396 2425 2464 prave

913 2523 952 2560 n
997 2491 1432 2590 Distorquens
1469 2491 1691 2560 oculos
1712 2542 1732 2575 ,
1771 2515 2005 2562 manus
2046 2507 2112 2562 et
2150 2515 2305 2578 ora,

920 2641 959 2677 ’.ν
1003 2611 1140 2680 Vel
1179 2626 1322 2680 atro
1359 2608 1659 2678 inficiens
1697 2610 1911 2680 colore
1959 2609 2213 2678 vultum

914 2759 954 2794 2,-
1001 2728 1266 2800 Gaudet
1301 2726 1609 2796 omnibus
1647 2725 1936 2794 excitare
1976 2723 2179 2794 risum
2204 2775 2222 2794 .

915 2875 954 2911 n
1001 2843 1158 2928 Ille,
1195 2865 1392 2932 quem
1435 2863 1637 2930 prope
1674 2839 1927 2926 cernis,
1966 2838 2389 2930 impudenter

911 2985 952 3022 υ
995 2953 1262 3036 Tussit,
1301 2951 1611 3041 exspuit,
1648 2968 1985 3040 exscreat3
2024 2977 2145 3024 nec
2180 2980 2497 3049 umquam

908 3103 950 3139 n
995 3069 1302 3156 Tuosne,
1341 3091 1662 3159 exspuere
1691 3121 1712 3154 ‚
1750 3092 2089 3142 exscreare
2126 3091 2385 3162 cessat3

911 3223 952 3260 ο
1005 3193 1230 3282 Ipsam
1267 3211 1467 3281 quem
1505 3213 1733 3280 precor
1766 3213 2103 3261 exscreare
2137 3191 2431 3286 linguam
2452 3244 2477 3280 ,

915 3335 954 3372 n
1008 3303 1120 3374 Ne
1153 3302 1324 3372 mihi
1362 3302 1575 3374 nimia
1611 3301 2007 3398 loquacitate

911 3449 952 3487 η
996 3419 1166 3490 Tam
1205 3416 1431 3488 erebro
1467 3416 1743 3488 miseras
1776 3415 2009 3510 fatiget
2056 3442 2283 3492 aures.

911 3551 952 3606 fe
996 3533 1184 3628 Alter
1221 3531 1555 3623 perlepide
1593 3530 1835 3618 hiscit,
1872 3533 2227 3622 oscitatur3

914 3675 954 3714 n
995 3649 1171 3716 Tum
1209 3669 1405 3736 saepe
1447 3648 1514 3714 in
1553 3646 1875 3738 gremium
1914 3665 2112 3738 caput
2148 3647 2474 3718 reclinans

911 3792 953 3826 n
999 3757 1206 3833 vafer
1240 3761 1524 3830 crustula
1566 3759 1807 3832 blanda
1846 3762 1950 3831 vel
1990 3763 2343 3848 mariscas,

911 3907 951 3949 ο
998 3881 1084 3952 Et
1115 3901 1354 3974 poma,
1391 3879 1643 3993 etpira
1678 3879 2093 3972 clanculum,
2132 3902 2459 3974 nucesque
