3125 4975
839 359 977 461 54530
1541 365 1589 376 ⁹·
1774 369 1940 424 vt‘rA

935 500 1320 587 Susceptam
1380 494 1785 586 provinciam
1834 479 2359 564 ‘administrabat
2422 508 2682 566 strenue
2754 499 2906 570 Jovd

842 614 1036 704 seph,
1075 635 1226 681 cum
1261 611 1462 700 patris
1501 634 1675 678 mors
1714 607 2158 677 interveniens
2180 659 2199 693 ,
2234 624 2303 676 et
2340 607 2434 676 rei
2462 609 2887 680 domesticae

787 739 790 742 ’
841 725 1182 795 derelictio
1222 749 1347 792 non
1403 748 1637 815 parum
1698 723 2039 791 turbarunt
2075 722 2457 792 hominem.
2500 724 2889 795 Cathedrae

839 845 1101 936 negotio
1137 843 1502 934 implicitus
1538 843 1785 933 ,Ioseph
1807 896 1828 927 ‚
1860 841 2181 933 impedito
2214 867 2331 934 per
2364 843 2615 913 bellum
2646 845 2728 912 ad
2760 866 2884 934 pa·

839 957 1036 1031 triam
1101 958 1416 1043 transitu,
1473 979 1606 1025 non
1664 957 1797 1024 nisi
1860 979 2033 1048 anno
2086 973 2238 1048 post
2286 957 2540 1048 regredi
2598 959 2883 1028 domum
2932 1031 2937 1041 ,

836 1077 1054 1170 potuit
1077 1129 1096 1160 ‚
1161 1063 1334 1142 unde
1353 1123 1375 1156 ,
1425 1070 1560 1139 suis
1600 1069 1831 1154 rebus,
1866 1093 1997 1161 qua
2036 1069 2305 1142 meliore
2344 1071 2597 1142 ratione
2632 1069 2731 1140 fas
2770 1073 2881 1142 illi
2914 1117 2919 1120 -

839 1185 1005 1273 fuit,
1053 1186 1462 1271 constitutis,
1513 1207 1733 1252 rursus
1786 1184 2151 1252 Taurinum
2192 1183 2425 1272 petiit,
2480 1183 2597 1252 ubi
2661 1187 2877 1256 multa
2927 1177 2941 1186 “

839 1325 992 1370 cum
1030 1301 1223 1372 laude
1263 1299 1522 1384 docuit,
1545 1315 1616 1367 et
1652 1298 1861 1387 ipsius
1900 1297 2102 1366 etiam
2146 1299 2315 1389 regis
2352 1299 2871 1389 approbatione,

839 1421 954 1510 qui
991 1418 1060 1487 in
1099 1439 1250 1490 eum
1291 1416 1594 1510 praebuit
1632 1441 1704 1485 se
1742 1417 2123 1486 munificum
2149 1467 2165 1484 .
2204 1417 2710 1488 Liberalitatem
2760 1442 2884 1488 re-

837 1535 945 1621 gis
1008 1531 1343 1602 doetrinae
1404 1529 1583 1600 fama
1619 1531 1969 1615 sustinuit,
2008 1531 2173 1600 adeo
2212 1547 2283 1599 ut
2336 1555 2407 1598 se
2446 1531 2666 1600 eidem
2720 1534 2877 1604 red·-

839 1650 1027 1721 'deret
1064 1654 1134 1722 in
1191 1653 1332 1722 dies
1385 1651 1745 1720 cariorem.
1786 1654 2007 1741 Quare
2046 1651 2145 1720 illi
2186 1649 2590 1739 stipendium
2640 1653 2868 1738 auxit,

844 1767 1021 1839 inter
1057 1769 1303 1839 aulicos
1343 1771 1474 1839 sibi
1515 1769 1911 1840 domesticos
1950 1793 2101 1838 eum
2136 1769 2443 1854 admisit,
2484 1770 2648 1860 regii
2696 1773 2875 1839 anti-

837 1889 1050 1982 quarii
1090 1873 1284 1956 titulo
1323 1905 1391 1966 et
1426 1887 1641 1958 officio
1679 1887 1935 1957 ornavit
1976 1888 2129 1978 (1),
2162 1887 2257 1956 uti
2284 1891 2626 1976 praeterea
2664 1887 2871 1957 voluit

839 2007 1136 2102 ejusdem
1179 2031 1372 2097 opera
1413 2007 1484 2075 in
1525 2008 1789 2090 multis,
1856 2029 2026 2096 quae
2072 2006 2157 2075 ad
2216 2003 2597 2096 professoris
2636 2029 2867 2075 munus

846 2146 976 2190 non
1017 2125 1382 2214 pertinent.
1419 2129 1637 2196 Tanta
1696 2123 2045 2217 propensio
2078 2125 2257 2215 'regis
2318 2123 2389 2191 in
2438 2121 2857 2193 Bartholum!

838 2239 945 2308 cui
983 2263 1054 2310 se
1093 2259 1345 2334 gratum
1373 2296 1394 2329 ,
1435 2260 1508 2313 ut
1543 2265 1664 2334 par
1704 2259 1845 2313 erat
1866 2296 1888 2328 ‚
1924 2219 2237 2312 exhibere
2256 2294 2278 2328 ‚
2326 2265 2402 2310 ac
2438 2241 2728 2333 profiteri
2761 2223 2865 2311 Jo-

837 2356 1004 2446 seph
1041 2380 1400 2448 numquam
1441 2357 1735 2427 destitit.

927 2473 1087 2570 Ejus
1135 2477 1300 2570 grati
1361 2475 1569 2549 animi
1617 2477 2070 2547 testimonium
2121 2476 2427 2567 locuplex
2462 2492 2565 2545 est
2614 2468 2860 2565 oratio,

838 2614 1036 2683 quam
1076 2590 1311 2661 habuit
1343 2591 1488 2681 ipso
1527 2592 1730 2660 natali
1761 2591 1871 2661 die
1910 2590 2362 2661 Emmanuelis
2390 2588 2729 2661 Sardiniae
2770 2616 2871 2662 re-

833 2708 976 2802 gis,
1025 2706 1093 2781 V
1129 2710 1563 2779 scilicet'Cal.
1605 2709 1826 2803 Maias
1882 2733 2032 2779 ann.
2116 2709 2291 2801 1747
2326 2734 2456 2780 non
2493 2699 2689 2800 polite
2728 2712 2866 2779 mi-

837 2847 962 2895 nus
981 2879 1001 2911 ‚
1041 2850 1238 2915 quam
1275 2825 1604 2896 luculente
1644 2844 1712 2896 et
1760 2828 2015 2897 erudite
2057 2828 2427 2918 conscripta
2455 2880 2471 2896 .
2510 2830 2699 2897 Hanc
2748 2828 2863 2897 ille

835 2938 1224 3031 praecedere
1273 2942 1480 3010 voluit
1513 2942 1852 3011 heroicum
1894 2967 2156 3035 carmen
2185 2999 2203 3027 ,
2265 2945 2436 3036 quod
2499 2946 2691 3037 vulgo
2742 2944 2857 3013 ot-

835 3064 986 3121 tave
1043 3053 1126 3122 ad
1173 3054 1478 3124 eumdem
1528 3079 1791 3147 regem.
1855 3057 2279 3127 Clarissimus
2314 3058 2586 3127 Lamius
2624 3058 2693 3125 in
2746 3058 2863 3125 flo-

831 3170 1090 3243 rentina
1143 3174 1566 3266 ephemeride
1622 3190 1969 3267 utrumque
2036 3202 2199 3267 opus
2246 3175 2575 3245 extollens
2632 3176 2726 3244 sic
2778 3174 2861 3246 de

837 3288 1144 3363 Bartholo
1183 3295 1360 3365 illius
1399 3314 1660 3366 auctore
1685 3347 1701 3364 .
1739 3326 1777 3362 n
1822 3296 1895 3367 Si
1932 3294 1997 3365 fa
2034 3318 2377 3366 conoscere
2432 3295 2608 3365 nello
2656 3311 2858 3365 stesso

1467 3525 1474 3532 .
1509 3487 2166 3534 mmmmm

923 3642 1021 3721 (ι)
1059 3642 1187 3703 Hoc
1227 3643 1328 3705 ille
1383 3661 1783 3713 commemorat
1819 3648 1883 3707 in
1942 3648 2183 3733 epistola
2222 3650 2530 3731 praemissa
2580 3612 2817 3711 orationi
2838 3696 2859 3727 ,

839 3764 1010 3827 quam
1051 3746 1134 3808 sic
1201 3747 1524 3832 inscripsit:
1590 3752 1881 3821 Orazz'one
1932 3772 2045 3833 per
2084 3755 2143 3811 le
2202 3774 2379 3812 nozze
2414 3754 2578 3812 delle
2624 3756 2858 3814 alcea-ze

838 3851 1000 3923 reali
1038 3852 1104 3913 di
1143 3850 1220 3916 V
1212 3856 1408 3915 istor-1⁰0
1445 3854 1718 3915 Amadeo
1756 3856 1909 3917 duca
1949 3855 2015 3913 da·
2052 3854 2271 3941 Savoja
2312 3878 2346 3917 e
2374 3854 2442 3917 di
2476 3854 2689 3919 Maria
2742 3858 2865 3919 An·

823 3954 996 4015 'tonia
1033 3955 1414 4016 Ferdinanda
1453 3958 1683 4033 infanta
1720 3958 1785 4017 da·
1818 3956 2094 4040 Spagna.
