3125 4975
941 364 1184 419 neom
1225 365 1673 419 artnentum
2208 350 2341 443 275

307 488 542 561 fuisset
564 488 721 575 ,sed
749 490 918 561 illud
937 543 960 577 ‚
997 493 1170 583 quod
1209 493 1416 562 multo
1445 491 1664 587 majus
1686 546 1707 578 ,
1748 506 1823 561 ut
1858 490 2174 567 nimirum
2216 520 2373 587 pa-.

312 621 490 673 ratus
531 620 706 675 esset
745 621 902 695 apte
955 606 1366 697 scienterque
1403 606 1725 675 disserere
1746 657 1765 689 ,
1807 605 1890 675 de
1929 608 2227 697 qualibet
2264 634 2337 679 re

313 718 723 811 theologica,
777 742 946 811 quae
983 718 1056 787 in
1107 716 1990 811 disputationem‘venisset:
2031 720 2231 813 idque
2269 725 2343 791 in

315 856 558 925 magna
598 834 1002 904 eruditorum
1041 856 1278 901 corona
1301 884 1320 899 .
1368 834 1591 920 Quare
1645 831 1770 901 hoc
1826 849 2161 902 certamen
2214 858 2347 903 non

321 946 453 1015 nisi
494 946 950 1035 paucissimis,
991 960 1060 1013 et
1094 944 1359 1033 ingenio
1396 966 1552 1034 prae
1594 943 1745 1013 aliis
1782 945 2089 1015 omnibus
2126 949 2350 1018 excel-

317 1061 606 1135 lentibus
673 1062 895 1133 subire
946 1082 1328 1131 concessum
1367 1077 1554 1147 erat3
1612 1060 1685 1128 in
1742 1061 1851 1130 his
1904 1063 2291 1155 Bellogrado
2319 1116 2338 1135 .

323 1180 457 1251 Ubi
495 1181 625 1253 hoc
659 1179 1072 1275 percrebuit,
1099 1202 1336 1270 magna
1371 1178 1719 1249 hominum
1747 1182 2150 1269 exspectatio
2170 1234 2187 1251 .
2213 1182 2353 1253 Ubi

318 1312 542 1363 autern
581 1291 1056 1383 praescriptum
1116 1306 1377 1379 tempus
1434 1291 1743 1375 advenit,
1800 1292 2029 1383 ingens
2083 1282 2355 1385 repente

321 1408 530 1479 factus
569 1430 652 1475 ex
690 1424 826 1503 tota
867 1405 1026 1474 urbe
1051 1427 1398 1475 concursus
1421 1457 1436 1473 .
1481 1406 1775 1476 Aderant
1811 1431 1895 1477 ex
1931 1408 2228 1498 quolibet
2259 1436 2359 1480 or·
2403 1390 2412 1397 ⁶

327 1524 480 1593 dine
519 1520 792 1589 litterati
832 1517 958 1585 viri
985 1534 1073 1587 -et
1115 1517 1432 1589 illustres:
1471 1518 1771 1617 omnium
1810 1521 1981 1590 oculi
2026 1523 2099 1591 in
2136 1545 2213 1592 eo
2252 1524 2363 1592 de-

321 1640 474 1709 fixi.
517 1639 642 1708 Ille
699 1636 1006 1705 omnibus
1059 1653 1364 1727 prompte
1423 1661 1759 1707 occurrere
1784 1692 1803 1723 ,
1867 1653 1984 1709 scu
2030 1656 2360 1731 peteretur

324 1756 355 1845 (
375 1768 445 1821 ut
493 1752 620 1822 dici
659 1750 934 1840 solet)a
973 1764 1192 1840 tergo,
1213 1750 1352 1820 sive
1391 1776 1430 1819 a
1468 1750 1823 1837 lateribus,
1855 1754 1995 1823 sive
2028 1780 2068 1823 a
2104 1752 2315 1823 fronte
2339 1780 2361 1824 ε

321 1872 653 1962 explicare
689 1867 920 1937 omnia
959 1883 1028 1937 et
1081 1868 1366 1937 enodare
1421 1870 1730 1939 solerter.
1789 1870 1977 1941 Idem
2034 1871 2357 1961 postridie

319 2008 536 2053 rursus
565 1980 871 2053 renovari
912 1962 1250 2051 certamen
1275 2032 1292 2051 .
1329 1982 1617 2053 Biduum
1654 1982 1837 2053 enim
1877 1984 2095 2054 eidem
2144 1982 2357 2055 fuerat

321 2104 786 2175 constitutum:
831 2098 1002 2168 unde
1042 2100 1160 2169 ille
1195 2101 1340 2192 pari
1377 2098 1697 2171 felicitate
1726 2126 1797 2171 se
1836 2102 2173 2194 expediit,
2206 2127 2359 2173 cun-

337 2220 503 2304 ctis,
544 2220 657 2309 qui
695 2218 1059 2306 disputanti
1097 2218 1490 2303 intererant,
1529 2220 2039 2314 admirantibus.

417 2341 542 2405 Per
578 2336 744 2402 haec
782 2334 1016 2401 eadem
1055 2349 1352 2421 tempora
1389 2335 1637 2403 librum
1692 2339 1957 2427 scripsit
2010 2336 2097 2407 de
2144 2324 2363 2417 inter-g
2406 2400 2413 2405 .

320 2446 700 2543 pretatione
721 2499 741 2531 ‚
781 2444 966 2539 cujus
1027 2443 1286 2514 nullum
1327 2446 1539 2538 potuit
1578 2446 1791 2517 adhuc
1831 2450 2179 2540 vestigium
2234 2455 2355 2530 de-

327 2563 498 2655 tegi.
537 2560 818 2652 Scripsit
854 2576 923 2629 et
969 2558 1268 2652 poetica,
1305 2558 1478 2630 inter
1523 2579 1701 2649 quae·
1744 2560 1873 2632 duo
1908 2561 2117 2650 lyrica
2154 2587 2363 2653 quae-

330 2684 484 2750 dam
523 2681 780 2750 cantica
808 2731 832 2764 ‚
869 2701 1144 2769 quorum
1183 2677 1464 2748 alterum
1503 2702 1657 2746 cum
1694 2677 1843 2747 aliis
1884 2675 2161 2779 canticis
2208 2678 2357 2747 edi·-

331 2810 470 2864 tum
511 2818 549 2862 a
585 2791 909 2884 Frugonio
964 2790 1086 2860 suh
1145 2791 1413 2862 nomine
1449 2791 1839 2882 Amphrysii
1881 2790 2155 2876 Uranii3
2204 2814 2359 2882 pro-

333 2908 540 2978 latum
581 2908 858 3004 alterum
878 2956 902 2992 ‚
927 2929 1078 2976 cum
1101 2906 1490 2976 solemniter
1523 2923 1867 2997 agerentur
1884 2905 2051 3004 festa
2084 2905 2362 2976 Joannis

329 3021 662 3091 Francisci
700 3021 898 3112 Regis
951 3021 1253 3090 divorum
1314 3043 1587 3094 numero
1634 3019 1861 3090 inserti
1905 3071 1923 3090 .
1982 3021 2359 3109 Utrumque

335 3135 613 3206 feliciter
638 3189 654 3205 .
687 3140 1040 3208 Doctorem
1078 3139 1280 3208 etiam
1307 3139 1675 3230 angelicum
1716 3137 1954 3208 extulit
1982 3137 2191 3207 latino
2227 3162 2366 3206 car..

335 3251 556 3333 mine,
593 3249 662 3316 in
710 3273 838 3338 quo
875 3251 1126 3340 ingenii
1153 3295 1160 3304 ·
1183 3251 1540 3340 plurimum
1562 3303 1583 3335 ‚
1624 3267 1689 3319 et
1726 3249 2099 3320 reconditae
2136 3251 2361 3321 Male-

305 3364 634 3438 'branchii
664 3363 1032 3434 doctrinae.
1068 3367 1264 3436 Unde
1301 3391 1430 3434 non
1471 3363 1685 3434 defuit
1697 3365 1851 3455 ,qui
1892 3387 2045 3434 eum
2092 3364 2175 3436 de
2204 3367 2357 3438 obs-

336 3481 612 3553 curitate
665 3479 1068 3548 accusaverit
1102 3507 1125 3566 3
1172 3481 1277 3549 cui
1331 3479 1478 3570 ipse
1533 3478 1869 3570 respondit
1900 3530 1923 3565 ‚
1960 3501 2033 3549 se
2074 3480 2357 3572 ¹quidem

332 3599 676 3691 scripsisse
711 3595 1089 3688 incognita,
1137 3621 1272 3666 non
1327 3597 1603 3668 obscura
1658 3597 1795 3691 (1).
1844 3598 2079 3692 Neque
2132 3601 2349 3670 solum

1018 3801 1677 3832 mimmm

415 3971 515 4051 (ι)
562 3969 975 4122 Commenta-8
981 3967 1134 4035 della
1172 3967 1292 4038 vita
1331 3989 1448 4038 ecc.
1480 3987 1611 4058 pag.
1658 3969 1757 4052 1⁸02
1829 4053 1833 4058 .

890 4071 922 4120 1
1528 4075 1534 4082 .
