3125 4975
1089 314 1331 377 neom
1367 314 1819 379 nnmerum
2254 297 2402 397 298.

377 438 500 519 tim
552 452 884 537 tempore,
927 443 1147 537 plures
1187 446 1380 517 horas
1415 486 1432 513 a
1474 448 1571 517 Ut
1624 444 1858 515 eodem
1896 444 2173 517 liberius
2219 444 2397 515 frue-

367 578 545 631 retur
588 578 784 651 atque
824 559 1100 642 diutina,
1139 560 1358 628 minus
1400 580 1599 647 saepe
1637 556 2037 627 domesticos
2086 560 2395 633 admitte-

367 675 520 764 bat,
558 680 800 749 nedum
841 692 1182 747 extraneos
1216 706 1238 765 3
1275 678 1496 747 minue
1533 676 1821 745 libenter
1857 694 2007 744 cum
2047 679 2197 747 aliie
2244 704 2396 750 ver-

371 792 676 881 sabatur3
713 808 1072 883 numquam
1138 790 1410 873 laetior,
1451 814 1649 879 quam
1691 812 1839 859 curn
1880 790 2094 861 solus:
2136 791 2233 860 ibi
2288 814 2399 865 ex.

367 911 710 1003 spectabat
743 932 971 981 vocem
1011 909 1330 981 Domini.
1389 905 1514 977 Cui
1580 918 1652 975 ut
1688 932 1758 976 se
1799 908 2011 999 inagis
2051 926 2395 1001 acceptum

366 1027 668 1095 redderet
693 1078 714 1111 ,
770 1022 1020 1093 studuit
1088 1020 1532 1113 quascum‘que
1592 1041 1795 1089 noxas
1856 1018 2073 1091 eluere
2105 1076 2127 1111 ,
2190 1024 2262 1093 in
2319 1050 2393 1097 se

362 1146 582 1239 ipsum
621 1144 706 1213 ad
742 1139 1128 1233 sanguinem
1168 1160 1373 1231 usque
1410 1126 1711 1209 saeviens
1748 1140 1902 1227 (1).

447 1254 726 1336 Interim
765 1245 964 1323 febris
985 1305 1006 1337 ,
1037 1271 1508 1341 nervorumque
1548 1236 1863 1319 distentio
1893 1239 2148 1325 invadit
2175 1254 2389 1327 horni-

365 1398 520 1445 nem
556 1373 743 1441 annis
777 1388 844 1440 et
879 1366 1214 1439 laboribus
1241 1390 1449 1457 paene
1492 1367 1753 1451 tritum,
1786 1371 2223 1469 eumdemque
2253 1373 2391 1443 len-

366 1510 431 1561 te
469 1514 857 1561 consumens
895 1485 1136 1579 redigit
1171 1488 1255 1556 ad
1293 1504 1632 1557 extrema.
1679 1488 1877 1561 Sacra
1923 1508 2233 1579 parantur
2268 1498 2390 1563 Ec-

359 1610 606 1679 clesiae
643 1632 822 1677 more
859 1607 1188 1697 praesidia
1219 1648 1236 1675 ι
1276 1606 1486 1675 Adest
1521 1607 1777 1677 Christi
1814 1632 2049 1699 corpus
2074 1654 2094 1695 ,
2136 1634 2263 1701 quo
2312 1635 2385 1681 se

359 1727 608 1799 reficiat
665 1726 751 1795 ad
807 1724 1216 1795 aeternitatis
1265 1725 1442 1793 viam
1503 1728 1979 1815 capessendam
2020 1779 2037 1798 .
2078 1730 2267 1797 Tunc
2322 1728 2415 1797 ie.

355 1839 680 1931 profiteri,
713 1862 784 1909 se
831 1838 1259 1931 apostolicam
1298 1836 1526 1907 sedern
1568 1841 1822 1925 colere,
1871 1840 2063 1932 eique
2102 1836 2379 1913 firmiter

352 1950 744 2021 adhaerere:
785 1972 858 2019 se
897 1948 984 2019 ab
1039 1948 1348 2017 omnibus
1407 1950 1672 2019 veniam
1714 1968 1972 2041 petere,
2012 1954 2066 2021 si
2125 1953 2228 2022 cui
2272 1972 2383 2023 no-

352 2072 594 2139 cuisset
632 2069 739 2139 vel
775 2051 1054 2163 injuria,
1092 2060 1198 2137 vel
1236 2089 1436 2161 pravo
1474 2070 1783 2161 exemplo
1806 2116 1821 2139 .
1863 2073 2045 2141 Inter
2098 2070 2261 2143 haec
2310 2098 2379 2143 u-

357 2184 714 2253 berrimam
777 2186 912 2251 vim
964 2185 1403 2273 lacrymarum
1467 2184 1756 2274 profudit
1794 2240 1813 2267 ,
1867 2188 2089 2257 animo
2148 2205 2373 2259 tamen

353 2312 659 2365 constans
682 2347 697 2362 .
723 2294 1048 2365 Eumdem
1087 2294 1514 2363 sacramentis
1545 2295 1869 2366 munitum
1911 2323 2083 2371 mors
2110 2300 2377 2373 sustulit

355 2416 496 2488 VII
528 2410 672 2483 Cal.
713 2408 960 2504 Aprilis
999 2434 1152 2479 ann.
1199 2411 1403 2507 1789,
1441 2436 1593 2481 cum
1630 2413 1933 2504 quintum
1970 2437 2163 2505 supra
2202 2436 2376 2500 ocgo⁴

357 2535 678 2630 gesimum
717 2557 962 2604 annum
1001 2548 1254 2628 ageret.
1293 2530 1562 2602 Habent
1604 2531 1675 2599 in
1712 2531 1837 2602 hoc
1874 2530 2049 2600 docti
2089 2557 2377 2621 praeser-

357 2653 482 2724 tim
521 2651 822 2722 homines
859 2650 1150 2736 clarum,
1187 2649 1360 2743 quod
1397 2647 1780 2736 imitentur,
1818 2647 2229 2739 exemplum.

1034 2857 1192 2886 m·
1201 2855 1695 2884 mm*

435 3001 534 3082 (ι)
577 3001 994 3064 Commentario
1037 2999 1132 3058 cit.
1179 3009 1309 3082 pag.
1356 2997 1484 3060 152.
