3125 4975
1051 386 1294 435 AEcrnn
1331 385 1753 438 tenentum
2245 374 2373 446 185

347 513 488 570 tam
518 494 948 584 domesticos,
980 521 1178 590 quam
1217 513 1550 583 externos,
1592 498 1818 572 audire
1855 525 2126 591 omnes,
2162 509 2371 576 omni-

346 617 470 695 bus
512 633 769 710 praesto
807 640 992 690 esse.
1033 617 1274 693 Pueros
1313 639 1498 702 vero,
1533 616 1833 691 imitatus
1870 621 1955 688 D.
1984 620 2369 716 Philippum

346 738 626 814 Nerium
649 735 774 819 ‚ad
809 758 880 811 se
917 733 1124 816 etiarn
1157 733 1440 810 invitare
1478 749 1548 802 et
1582 733 1853 807 allicere
1874 739 2373 820 ‚amantissime

346 853 680 939 detinere,
705 877 1008 938 monere,
1043 853 1402 939 instruere3
1427 869 1524 938 et,
1566 869 1639 922 ut
1674 851 1961 928 libenter
1988 849 2207 930 rursus
2258 882 2375 928 ac·-

349 974 692 1060 cederent‚
739 972 1142 1046 munusculis
1202 972 1406 1042 etiam
1455 971 1767 1058 donatos,
1804 971 2043 1064 quibus
2081 975 2379 1054 maxime

353 1091 612 1162 ducitur
645 1092 762 1161 illa
799 1107 1012 1175 aetas,
1051 1090 1317 1159 eosdem
1357 1115 1397 1159 a
1433 1113 1504 1159 se
1543 1090 1879 1160 dimittere
1902 1139 1921 1160 .

442 1207 550 1278 Ad
587 1204 846 1274 leviora·
867 1202 1296 1286 descendam,
1341 1201 1564 1272 vivide
1622 1219 1847 1271 tamen
1874 1200 2185 1295 intimam
2234 1207 2377 1302 ejus

351 1322 644 1398 indolem
691 1321 1166 1412 exprimentia.
1205 1320 1550 1390 Delicatae
1590 1320 1923 1410 potiones,
1962 1320 2049 1390 ab
2086 1323 2237 1392 aliis
2284 1345 2383 1396 et..

353 1435 494 1508 iam
531 1436 833 1519 oblatae,
882 1432 968 1504 ab
1019 1431 1255 1502 eodem
1291 1431 1422 1504 sibi
1459 1432 1723 1522 penitus
1759 1432 2145 1507 interdictae
2168 1429 2212 1504 ε’
2244 1454 2383 1507 ten-

357 1554 486 1624 tari
524 1567 816 1644 poterat,
868 1575 998 1626 non
1035 1549 1214 1623 vinci
1249 1549 1430 1622 illius
1481 1550 1919 1622 abstinentia.
1960 1552 2156 1623 Nihil
2198 1554 2383 1628 idem

353 1667 428 1740 in
451 1691 680 1742 mensa
697 1669 1002 1760 querulus
1021 1719 1040 1752 ,
1066 1666 1152 1742 ad
1187 1689 1387 1758 quam
1426 1665 1687 1760 jejunus
1700 1721 1722 1754 ‚
1746 1683 1821 1737 ut
1856 1667 2253 1760 plurimum,
2278 1695 2383 1740 ac-

355 1785 668 1856 cedebat.
709 1785 986 1876 Optima
1021 1784 1288 1868 omnia,
1315 1785 1542 1854 omnia
1570 1781 1901 1876 exquisita
1924 1837 1940 1853 .
1978 1787 2203 1858 Unum
2244 1805 2384 1860 tan-

358 1915 500 1970 turn
547 1901 897 1972 molestum
946 1899 1076 1992 ipsi
1116 1899 1424 1972 audiendi
1459 1900 1797 1988 studioso,
1834 1901 1893 1973 si
1932 1900 2251 1972 nimirum
2289 1905 2381 1974 le·

353 2018 486 2087 ctio
519 2020 1074 2112 interpellaretur.
1113 2021 1256 2090 Hoc
1310 2043 1514 2090 unum
1556 2019 1975 2092 dissimulare
2012 2041 2145 2088 non
2200 2038 2385 2110 pote-

353 2153 486 2219 rat,
541 2138 727 2207 vultu
777 2138 926 2226 ipso
979 2137 1320 2207 silentium
1373 2136 1684 2208 omnibus
1702 2190 1724 2223 ‚
1778 2152 1848 2208 et
1900 2159 2057 2236 voce
2110 2155 2383 2228 repente

355 2253 654 2326 indicens
677 2302 692 2319 .
733 2251 1048 2322 Libenter
1082 2254 1286 2322 etiam
1319 2253 1631 2324 audiebat
1658 2253 1749 2324 ad
1780 2253 2208 2355 recreandum
2246 2258 2387 2328 ani·

357 2367 1044 2458 mum-ephemeridas
1063 2419 1085 2451 ,
1119 2367 1412 2434 locorum
1466 2369 1538 2436 in
1577 2369 1813 2458 quibus
1858 2395 1969 2454 ea,
2014 2397 2181 2462 quae
2220 2373 2385 2445 refe·

361 2484 710 2572 rebantur,
743 2485 1005 2568 fierent,
1037 2481 1478 2575 peritissimus
1499 2535 1516 2553 .
1553 2483 1883 2573 Cupiebat
1906 2485 2087 2555 enim
2122 2512 2383 2580 semper

367 2596 620 2689 aliquid
665 2597 818 2667 novi
875 2596 1215 2669 addiscere
1268 2596 1376 2665 vel
1424 2612 1717 2686 tempore
1763 2594 2219 2669 oblectationis
2263 2602 2389 2669 ho·-

357 2728 626 2781 nestae:
665 2712 860 2783 valde
897 2712 1156 2781 scilicet
1191 2710 1276 2780 ab
1315 2711 1402 2779 iis
1439 2710 1835 2798 abhorrens,
1872 2709 1987 2801 qui
2024 2710 2199 2784 levia
2248 2728 2385 2785 tan-

359 2844 504 2899 tum
559 2846 628 2899 et
679 2830 944 2904 inutilia
997 2845 1368 2915 sectantur,
1407 2846 1477 2899 et
1513 2831 1542 2921 (
1582 2844 1657 2898 ut
1691 2829 2032 2921 proverbio
2074 2830 2317 2901 dieitur
2351 2834 2383 2925 )

359 2942 474 3035 qui
525 2942 782 3015 discum
836 2942 1064 3013 audire
1117 2942 1376 3013 malunt
1397 2995 1418 3029 ,
1475 2965 1679 3034 quam
1714 2941 2183 3035 philosophum
2204 2998 2219 3012 .
2260 2949 2385 3019 Re-

357 3084 514 3129 cens
537 3085 575 3129 a
601 3059 874 3152 prandio
903 3059 1168 3131 fabrilia
1207 3060 1569 3144 tractabat,
1594 3060 1701 3130 vel
1724 3060 2030 3149 pulsabat
2050 3063 2381 3137 musicum

363 3170 912 3258 instrumentum,
949 3198 1032 3243 ne
1085 3175 1354 3244 omnino
1407 3172 1654 3243 otiosus
1710 3191 1884 3243 esset
1934 3175 2005 3245 in
2058 3175 2235 3261 otio,
2272 3179 2382 3247 cui

361 3286 654 3357 maxime
677 3286 968 3365 infensus
992 3305 1164 3375 erat,
1195 3290 1426 3361 solitus
1466 3306 1810 3380 propterea
1843 3290 2095 3382 aliquid
2119 3316 2381 3386 semper

359 3420 584 3489 agere,
619 3422 840 3485 orare,
877 3400 1130 3492 legere,
1167 3403 1454 3471 scribere
1473 3453 1494 3486 ‚
1531 3404 2009 3473 commentari.

357 3552 364 3562 ·
451 3512 736 3583 Movent
770 3509 1098 3603 profecto,
1129 3515 1392 3609 quoties·
1421 3514 1601 3585 illius
1638 3513 1809 3587 mihi
1860 3519 2037 3588 venit
2090 3519 2159 3589 in
2198 3544 2383 3591 men·

363 3642 502 3699 tem
542 3633 576 3721 (
611 3631 794 3701 venit
847 3648 1066 3723 autem
1122 3632 1510 3723 saepissime
1561 3633 1631 3725 ),
1686 3646 2031 3727 tantaeque
2080 3638 2382 3711 virtutis·

363 3750 553 3848 Fere·
583 3772 848 3841 semper
897 3750 1188 3821 inclusus
1233 3750 1458 3838 domi‚·
1483 3758 1629 3823 ra'ro
1662 3754 1883 3845 egredi
1927 3756 2381 3847 Forcellinus3

357 3862 658 3961 quotidie
695 3870 850 3935 vero
895 3865 980 3935 ad
1016 3890 1274 3937 sacrum
1313 3866 1773 3939 celebrandum
1788 3898 1811 3958 3
1862 3884 2057 3961 atque
2093 3870 2217 3939 hoc
2269 3872 2383 3961 pie

360 3982 797 4078 religioseque
850 4001 1116 4079 peracto
1131 4038 1156 4074 ,
1213 3984 1398 4062 illico
1449 4010 1671 4061 rursus
1727 3986 2001 4061 domum
2016 4038 2035 4059 .
2092 3987 2250 4059 Non
2303 4013 2383 4075 ao,
