3125 4975
787 350 928 425 533
1732 362 1903 417 vim

789 493 880 558 tis
922 484 1188 555 disserit
1231 482 1440 569 medii
1493 478 1677 553 aevi..
1726 486 1888 550 Esse
1926 477 2159 551 eadem
2202 492 2423 569 posset
2480 496 2829 575 tamquam

794 604 1322 676 additamentum
1377 599 1674 689 opusculi
1700 594 1735 667 ε’
1774 601 1883 667 De
1934 623 2009 667 re
2082 596 2393 667 numan'a
2460 601 2831 674 Patavino-

790 748 1350 887 rmgiicumfettur
1381 810 1585 880 etiam
1621 810 1884 879 libellus
1926 810 2093 879 alter
2138 809 2535 903 jampridem
2600 813 2819 885 editus

797 957 834 1001 a
873 931 1183 1002 Brunatio
1239 928 1388 1018 (1)'‚
1437 942 1635 1017 atque
1684 928 1779 995 ita
1825 925 2178 1015 inscriptus
2218 952 2235 995 z
2292 926 2829 1020 Regionamento

778 1076 987 1143 sopra
1023 1045 1076 1119 it
1135 1044 1332 1119 titolo
1385 1042 1464 1117 di
1515 1043 1984 1115 canonichesse
2040 1042 2221 1116 nelle
2255 1046 2578 1117 monache
2624 1047 2698 1117 di
2744 1048 2821 1121 S.

792 1166 1060 1237 pietro.
1101 1165 1179 1235 In
1217 1160 1434 1253 prima
1471 1164 1689 1252 operis
1736 1161 1928 1255 hujus
1972 1170 2154 1251 parte
2208 1161 2607 1233 monialibus
2662 1166 2817 1233 vin·-

765 1286 970 1357 ‘dicat
1006 1286 1178 1355 hunc
1218 1280 1523 1366 titulum,
1561 1304 1689 1371 quo
1718 1304 1829 1349 eas
1868 1260 2209 1350 amaverat
2248 1280 2596 1351 historicus
2634 1300 2821 1374 pata·

793 1404 983 1472 vinus
1023 1401 1337 1484 Uisatu83
1375 1418 1657 1486 eumque
1696 1396 2035 1465 confirmat
2074 1393 2351 1487 prolatis
2388 1395 2677 1487 antiquis
2712 1397 2825 1467 lit-

797 1522 986 1605 teris,
1035 1514 1527 1598 instrumentis,
1568 1510 1976 1605 privilegiis,
2024 1530 2091 1583 et
2136 1513 2591 1607 episcoporum
2638 1532 2825 1587 vete-

791 1662 940 1707 rum
977 1632 1403 1717 auctoritate,
1463 1629 1729 1699 easdem
1772 1630 2119 1697 canonicas
2160 1628 2637 1719 appellantium
2669 1680 2685 1696 .
2738 1632 2819 1701 Iu

805 1756 1011 1825 altera
1061 1775 1212 1821 vero
1251 1736 1452 1819 'tradit
1483 1800 1505 1835 ‚
1545 1748 1767 1817 medio
1820 1772 1983 1817 aevo
2040 1746 2241 1817 fuisse
2276 1746 2531 1817 Patavii
2592 1772 2825 1817 mona·-

793 1867 1042 1951 steria3
1109 1886 1276 1955 quae
1332 1862 1690 1931 monachos
1730 1879 1796 1932 et
1860 1862 2183 1932 moniales
2237 1863 2825 1952 complecterentur

791 1976 1162 2071 promiscue
1189 2024 1205 2043 .
1245 1972 1448 2046 Suam
1487 1974 1659 2045 hanc
1696 1957 2075 2067 opinionem
2118 1992 2341 2053 contra
2378 1976 2818 2045 Muratorium

793 2109 1012 2161 tuetur
1050 2094 1156 2182 (2)
1199 2090 1484 2181 antiquis
1543 2090 1831 2175 chartis,
1872 2090 2381 2181 diplomatibus,
2431 2090 2825 2161 Pontificum

797 2206 1039 2282 bullis.
1090 2210 1310 2297 Quam
1379 2222 1601 2275 tamen
1658 2224 1884 2297 postea
1939 2208 2354 2298 impugnavit
2408 2206 2823 2279 Biancolinus

791 2326 866 2395 in
929 2324 1100 2395 libro
1165 2324 1270 2394 cui
1313 2325 1579 2393 titulum
1640 2324 1815 2397 hunc
1854 2327 2191 2416 praefixit:
2236 2322 2496 2395 Notizie
2530 2323 2821 2395 storiche

789 2438 973 2512 delle
1010 2438 1229 2510 chiese
1265 2436 1343 2510 di
1387 2442 1645 2509 Verona
1685 2441 1837 2531 (3).
1876 2442 1967 2510 At
2024 2439 2081 2509 si
2121 2439 2459 2529 publicum
2518 2440 2819 2510 testimo-

789 2559 978 2629 nium
1015 2557 1258 2631 sufficit
1293 2561 1378 2629 ad
1415 2559 1853 2628 stabilitatem
1894 2557 2144 2644 famae,
2186 2561 2399 2630 multo
2438 2557 2643 2650 magia
2693 2559 2821 2628 de·

783 2673 903 2752 bet
938 2675 1232 2746 sufficere
1274 2689 1453 2742 tanta
1483 2675 2013 2744 testimoniorum
2046 2675 2254 2744 nubes
2284 2701 2323 2744 a
2362 2673 2663 2746 Brunatio
2697 2699 2821 2742 no-

787 2789 893 2860 his
942 2790 1240 2858 exhibita
1267 2837 1284 2854 .

878 2903 1086 2972 Probe
1125 2901 1460 2970 enimvero
1499 2899 1613 2970 ille
1650 2902 1975 2972 eruditam
2038 2901 2245 2990 hane,
2288 2901 2369 2974 de
2423 2925 2555 2996 qua
2607 2905 2827 2996 loqui..

787 3045 975 3104 mur,
1013 3020 1476 3112 antiquitatem
1519 3021 1817 3092 tenebat.
1858 3023 2085 3108 Hanc,
2132 3023 2231 3092 uti
2272 3024 2595 3111 vidimus,
2630 3049 2823 3096 exco-

1461 3191 1625 3218 m
1630 3191 2123 3220 §ssmfflmm

761 3341 778 3352 “
871 3337 969 3416 (ι)
1017 3339 1188 3397 Auno
1236 3335 1381 3418 1745
1420 3331 1576 3418 typis
1616 3333 1915 3417 Seminarii
1951 3337 2245 3416 patavini.
2284 3335 2439 3402 Vide
2482 3340 2627 3398 Acta
2666 3338 2819 3400 Eru-

787 3439 1036 3502 ditorum
1077 3441 1363 3522 Lipsiens.
1403 3441 1475 3500 ad
1521 3461 1653 3498 ann.
1704 3443 1852 3522 1748
1878 3455 2018 3522 pag.
2059 3451 2193 3516 410.

867 3547 966 3622 (2)
1009 3543 1283 3603 Eumdem
1333 3557 1623 3624 praeterea
1663 3541 1902 3604 dimovit
1954 3567 1987 3604 a
2048 3541 2385 3624 quibusdam
2426 3545 2554 3605 aliis
2597 3543 2819 3625 opinio-

792 3647 1004 3722 nibus,
1042 3667 1179 3726 quas
1221 3645 1557 3708 imbiberat.
1604 3647 1672 3708 ld
1712 3648 2065 3708 Mur-aterius
2102 3649 2224 3731 ipse
2270 3660 2507 3709 testatur
2541 3649 2817 3708 Brunatio

784 3753 876 3842 bis
917 3755 1136 3816 verbis:
1184 3755 1287 3814 Ha
1326 3759 1448 3816 ella
1485 3761 1723 3818 rimasse
1760 3761 1826 3817 al
1858 3757 2071 3818 dovere
2105 3759 2312 3818 alcune
2364 3760 2481 3817 mie
2524 3759 2777 3838 opinioni
2802 3797 2821 3819 .

788 3857 861 3917 In
902 3859 1119 3919 Histor.
1163 3879 1268 3919 ms·

875 3965 974 4046 (3)
1020 3964 1155 4030 Lib.
1193 3976 1247 4044 4.
1291 3985 1420 4050 pag.
1469 3978 1617 4030 net
1656 3967 2019 4050 sequentibus
2044 4009 2061 4030 .
