3125 4975
798 486 972 557 rium
1009 504 1146 553 nou
1176 484 1484 573 suppetat
1503 534 1520 551 .
1551 480 1859 553 Siinilem
1886 505 2031 553 esse
2050 464 2271 577 ajebat
2302 464 2480 559 liutto
2504 487 2808 581 iamper:

796 618 862 669 to
899 597 1255 687 agricolae,
1293 595 1407 685 qui
1463 618 1595 664 non
1630 595 1909 665 haberet
1940 596 2013 665 in
2050 616 2359 689 promptu
2396 602 2647 687 locum,
2679 628 2800 673 uns

790 719 874 785 de
911 716 1168 805 plantas
1221 730 1510 783 sumeret
1553 714 2072 800 transferendas,
2110 714 2225 787 uhi
2260 740 2423 808 opus
2474 738 2683 805 esset,
2720 723 2799 791 in

787 852 1016 919 agrum
1054 851 1246 909 suum
1284 828 1426 919 (1).
1468 828 1568 898 Ac
1606 844 1948 921 propterea
1992 828 2165 899 nihil
2212 828 2609 901 intentatum
2646 834 2796 924 ipse

786 947 1089 1037 reliquit,
1145 946 1319 1038 quod
1373 946 1457 1015 ad
1505 945 1581 1015 id
1627 946 1919 1017 conferre
1972 970 2163 1040 posse
2212 947 2649 1040 intelligeret.
2704 955 2797 1021 At

783 1086 952 1133 unus
969 1118 991 1150 ‚
1031 1081 1127 1133 tot
1164 1064 1550 1155 praesertim
1588 1049 2149 1157 tantisquerebus
2187 1064 2566 1159 implicitus
2585 1119 2606 1154 ,
2660 1093 2793 1137 non

781 1199 1040 1273 poterat
1075 1182 1148 1251 id
1181 1199 1514 1273 praestare
1551 1184 1697 1253 sine
1733 1184 2012 1253 aliorum
2049 1208 2291 1277 opera,
2328 1204 2601 1279 quorum
2641 1212 2799 1276 par-

780 1297 905 1367 tim
942 1297 1014 1366 in
1049 1296 1511 1388 promovendis
1541 1297 1953 1367 alumnorum
1991 1299 2265 1384 studiis,
2314 1302 2553 1390 partim
2587 1302 2661 1369 in
2701 1326 2797 1371 re-

781 1390 1014 1499 gendis
1049 1409 1310 1479 illorum
1353 1407 1643 1479 moribus
1684 1409 1805 1478 toti
1842 1427 2065 1479 esseut
2088 1460 2105 1479 .
2144 1411 2269 1480 His
2306 1412 2486 1481 euim
2539 1412 2797 1501 duobus

779 1523 968 1614 quasi
1009 1522 1288 1593 vinculis
1324 1520 1645 1593 contineri
1682 1521 1881 1593 debet
1924 1522 2407 1612 Seminarium3
2445 1524 2659 1615 iisque
2698 1526 2797 1593 la-

784 1641 992 1726 xatis,
1021 1657 1091 1710 et
1109 1642 1637 1731 ipsumsolvitur
1662 1663 1794 1709 non
1829 1640 1974 1737 sine
2002 1641 2251 1729 ingenti
2282 1640 2656 1711 dioeceseos
2681 1643 2800 1709 da-

779 1780 940 1827 mno
962 1806 979 1823 .
1019 1758 1114 1823 Ut
1149 1757 1330 1823 enirn
1367 1755 1427 1825 si
1463 1754 1779 1824 vitiosum
1818 1753 2093 1847 alicujus
2130 1752 2419 1823 fabricae
2458 1756 2800 1843 exemplar

777 1874 906 1959 sit,
939 1871 1310 1961 procumbit
1339 1888 1409 1941 et
1441 1873 1589 1963 ipsa
1631 1873 1703 1941 in
1740 1869 2095 1957 vitium3si
2134 1886 2424 1955 rectum,
2448 1888 2623 1941 recta
2651 1892 2809 1939 con-

779 1989 1038 2079 surgit:
1112 1988 1211 2057 sic
1265 1987 1639 2058 dioeceseos
1696 2012 1773 2057 ac
1830 1985 2185 2057 Seminarii
2238 1986 2473 2057 eadem
2524 1984 2799 2055 omnino

777 2106 1072 2177 conditio
1109 2124 1252 2193 est,
1290 2132 1330 2179 a
1365 2116 1500 2199 quo
1531 2107 1672 2198 peti
1712 2104 1992 2191 dehent,
2032 2106 2147 2197 qui
2184 2104 2489 2179 eamdem
2526 2119 2804 2193 regant.

773 2221 1000 2309 Quare
1051 2220 1222 2289 unde
1279 2219 1453 2291 unde
1489 2220 1711 2313 coepit
1760 2219 2105 2309 exquirere
2158 2234 2561 2309 praestantes
2626 2216 2803 2285 viros

779 2356 936 2405 cum
988 2334 1306 2405 scientiae
1359 2334 1597 2418 laude,
1646 2350 1788 2403 tum
1827 2332 2003 2403 vitae
2030 2384 2053 2417 ,
2108 2352 2385 2423 quorum
2422 2352 2593 2420 ope,
2632 2328 2808 2419 quod

775 2449 1264 2540 meditabatur,
1315 2453 1692 2546 perficeret.
1752 2452 1989 2543 Neque
2026 2449 2209 2520 enim
2256 2447 2545 2540 vulgaris
2596 2468 2805 2538 quae-

777 2569 938 2642 dam
972 2571 1327 2642 Seminarii
1364 2571 1573 2642 forma
1610 2595 1689 2642 ac
1726 2569 1979 2662 species
2012 2569 2087 2639 in
2122 2568 2263 2662 ejus
2298 2582 2522 2635 mente
2557 2564 2805 2634 inside-

771 2687 894 2760 bat
909 2739 932 2776 ,
969 2691 1090 2761 sed
1123 2669 1603 2783 pulcherrima,
1638 2687 1757 2758 sed
1798 2684 2074 2756 eximia:
2116 2683 2229 2752 ad.
2256 2683 2427 2752 hanc
2462 2682 2579 2754 ille
2636 2705 2797 2752 con-—

779 2803 936 2872 eilia
970 2828 1089 2873 sua
1126 2801 1450 2872 referebat
1468 2843 1493 2869 .-

827 2943 836 2953 ·
865 2917 1166 2988 Primum
1192 2921 1416 3008 itaque
1443 2917 1686 2988 accivit
1719 2917 2109 2989 Mediolano
2142 2916 2629 3009 probatissimis
2662 2933 2798 2984 mo-

775 3032 960 3104 rilms
1013 3034 1418 3106 sacerdotem
1438 3087 1462 3122 ‚
1501 3057 1700 3128 quern
1748 3035 2141 3128 disciplinae
2176 3038 2589 3106 alumnorum
2612 3085 2635 3120 ,
2694 3047 2796 3100 to-

777 3150 960 3242 tique
995 3151 1370 3225 seminario
1401 3151 1751 3246 praefecit.
1806 3159 1967 3226 Erat
2027 3156 2093 3224 is·
2132 3155 2410 3226 Carolus
2442 3152 2794 3224 Bartholo-

774 3289 1002 3340 maeus
1040 3272 1273 3342 Piazza
1298 3326 1320 3358 ‚
1366 3273 1549 3379 cujus
1588 3295 1829 3344 nomen
1883 3274 2139 3344 erudita
2177 3271 2262 3344 ab
2306 3273 2457 3365 ipso·
2508 3267 2795 3368 jampri-

771 3379 929 3452 dem
966 3386 1147 3456 edita
1183 3403 1609 3458 monumenta
1646 3387 2091 3473 illustrarunt,
2128 3401 2198 3457 et
2252 3386 2605 3478 splendida
2642 3403 2797 3450 mu·-

773 3519 931 3570 nera
991 3503 1251 3596 egregie
1289 3521 1470 3595 gesta
1492 3557 1508 3572 .
1549 3505 1681 3604 Hic
1717 3504 2052 3576 sodalitati
2092 3507 2157 3576 ei
2191 3529 2433 3576 nomen
2472 3501 2751 3576 dederat
2772 3545 2797 3581 ‚

781 3641 979 3711 quam
1013 3619 1386 3694 Mediolani
1424 3621 1679 3722 jamdiu
1713 3623 2092 3696 instituerat
2125 3625 2193 3697 S.
2232 3623 2506 3697 Carolus
2557 3621 2797 3690 Borro-

849 3987 966 4081 1¹),
999 3990 1140 4085 Aft-
1175 3992 1385 4062 Beatif.
1420 3993 1512 4086 T,
1545 3993 1658 4067 IV·
1696 3995 1975 4065 sumar.
2013 4014 2145 4079 pag.
2180 3993 2322 4060 223.
