3125 4975
780 277 918 352 362
1738 283 1911 343 vrrA

763 409 917 482 dam
968 403 1205 482 harum
1273 405 1653 500 nuptiarum
1708 403 2211 493 celebritatem,
2270 411 2447 502 quod
2490 408 2817 489 Bartholo

764 530 1008 602 accidit
1043 527 1599 624 jucundissimum
1636 526 1790 618 (ι).

848 650 976 719 His
1013 646 1220 718 ferme
1249 644 1689 736 temporibus,
1721 643 1915 715 venia
1960 643 2319 736 impetrata
2358 672 2398 719 a
2434 673 2623 742 rege,
2653 675 2807 742 per..

755 762 1044 856 egr-inari
1103 759 1324 852 coepit
1372 759 1609 830 Italia.
1687 759 1787 828 Ac
1844 759 2123 830 Parmae
2162 761 2429 850 quidem
2478 762 2551 834 in
2608 765 2797 836 ducis

757 876 906 946 aula
943 875 1352 966 aliquantum
1403 870 1717 962 temporis
1772 885 2217 946 commoratus
2258 873 2624 966 descriptus
2688 894 2801 950 est

755 989 830 1064 in
873 991 1064 1064 illam
1116 992 1446 1082 picturae,
1501 989 1873 1080 sculpturae
1912 1004 1983 1059 et
2020 979 2501 1062 architecturae
2538 995 2797 1085 regiam

761 1111 1196 1184 Academiam
1253 1109 1595 1196 florentem
1649 1108 1809 1178 viris
1869 1107 2413 1192 litteratissimis,
2454 1111 2561 1180 cui
2600 1137 2639 1182 a
2682 1137 2798 1184 se..

757 1231 954 1303 cretis
989 1227 1388 1322 Frugonius,
1417 1225 1685 1320 quicum
1722 1224 1851 1316 ipsi
1893 1225 2179 1317 plurima
2216 1227 2613 1298 consuetudo
2636 1231 2741 1322 (2)
2764 1281 2789 1300 .

855 1339 1044 1416 Tunc
1103 1341 1627 1435 pulcherrimum
1684 1361 1949 1415 carmen
1990 1339 2243 1428 edidit,
2281 1341 2330 1407 S
2331 1351 2561 1429 tame
2594 1359 2669 1412 ut
2716 1368 2794 1414 a·-

763 1457 965 1554 jrunt‚
1001 1456 1316 1547 idemque
1359 1453 1609 1524 dicavit
1643 1450 2089 1530 Academiae.

849 1573 994 1646 Hoc
1031 1571 1328 1646 confecto
1373 1573 1651 1655 itinere,
1690 1571 1908 1655 aliud,
1952 1570 2377 1661 permittente
2408 1595 2607 1664 rege,
2642 1597 2795 1646 sus-

759 1693 976 1786 cepit,
1015 1693 1192 1790 quod
1243 1689 1454 1762 multo
1507 1689 1807 1780 longius.
1846 1688 1953 1763 Ad
1992 1705 2253 1765 exterae
2289 1691 2604 1760 nimirum
2639 1715 2787 1784 gen-

615 1843 620 1848 ·
759 1825 858 1880 tes
895 1833 968 1880 se
1027 1808 1306 1879 contulit
1365 1831 1442 1877 ac
1489 1807 1767 1898 populos
1806 1857 1831 1894 ,
1884 1810 2060 1898 apud
2118 1831 2281 1898 quoe
2332 1807 2787 1898 percrebuerat

752 1926 964 2018 ipsius
1017 1923 1194 1996 fama
1243 1973 1262 1992 .
1323 1925 1611 1998 Londini
1666 1925 2053 2016 praesertim
2112 1949 2185 1994 se
2254 1925 2541 1996 detinuit
2594 1943 2789 2018 atque

757 2026 1064 2130 Parisiis,
1127 2043 1470 2136 utrobique
1523 2043 1793 2114 habitus
1860 2045 2258 2115 honorifice:
2296 2044 2395 2114 ihi
2450 2063 2785 2137 cooptatus

757 2155 832 2224 in
867 2155 1115 2248 regiam
1145 2209 1168 2243 ,
1207 2155 1318 2225 hic
1354 2156 1426 2226 in
1462 2155 1969 2248 inscriptionum
2009 2175 2077 2226 et
2114 2157 2504 2248 politiorum
2536 2160 2790 2231 littera-

758 2293 905 2342 rum
945 2273 1379 2343 Academiam
1401 2325 1420 2343 .
1459 2273 1733 2345 Parisiis
1770 2290 1993 2344 autern
2034 2297 2225 2348 suum
2264 2273 2435 2343 illud
2468 2274 2791 2346 eximium

753 2412 918 2479 opus
961 2391 1250 2483 vulgavit
1283 2393 1509 2484 lingua
1547 2393 1789 2485 gallica
1822 2419 1838 2460 ε
1876 2422 1913 2458 v
1946 2390 2322 2471 Reflexions
2380 2390 2791 2480 impartiales

753 2534 795 2571 n
817 2529 928 2577 sur
964 2508 1030 2579 le
1082 2512 1348 2601 progres
1397 2510 1534 2579 recl
1596 2534 1685 2587 ‘ou
1740 2525 2063 2599 apparent
2100 2533 2227 2602 que
2257 2509 2356 2581 les
2394 2510 2681 2583 sciences
2716 2528 2791 2581 et

749 2654 792 2693 n
814 2624 912 2695 les
950 2645 1084 2697 arts
1119 2642 1235 2697 out
1261 2622 1385 2695 fait
1417 2627 1583 2698 dans
1620 2628 1686 2697 le
1708 2628 1951 2699 XVIII
1980 2626 2181 2698 siecle
2214 2650 2301 2697 en
2326 2629 2777 2721 Europe(3)».

839 2746 921 2813 In
957 2742 1236 2836 epistola
1267 2741 1352 2811 ad
1391 2742 1705 2813 lectorem
1744 2768 1977 2815 causas
2016 2745 2337 2837 vestigat,
2368 2770 2487 2815 cur
2506 2768 2787 2815 evanue..

751 2854 842 2925 rit
885 2854 1262 2923 Aristotelis
1295 2871 1522 2923 votum
1576 2856 1661 2927 de
1714 2880 2059 2949 progressu
2112 2860 2573 2952 philosophiae
2598 2911 2617 2929 .
2670 2860 2783 2930 ld·-

695 3052 703 3061 ,
751 2992 882 3061 que
917 2970 1214 3043 evenisse
1253 2973 1450 3044 docet
1509 2998 1597 3045 ex
1630 2975 1905 3067 inopina
1944 2979 2168 3071 magni
2208 2978 2569 3050 Alexandri
2622 3002 2791 3049 mor-

749 3096 818 3151 te
837 3133 862 3169 ,
900 3084 1074 3155 unde
1117 3084 1350 3197 ingens
1389 3110 1607 3159 rerum
1644 3090 1945 3161 omnium
1973 3088 2267 3164 confusio
2292 3144 2309 3163 .
2338 3093 2527 3165 Idem
2564 3108 2787 3163 votum

1441 3316 2103 3347 mmmm

833 3474 934 3555 (1)
972 3474 1133 3543 Vide
1161 3478 1462 3561 epistolam
1495 3483 1862 3563 praemissam
1898 3481 2149 3543 orationi
2186 3480 2260 3553 de
2297 3482 2564 3571 nuptiis.

833 3581 932 3660 (2)
974 3580 1130 3649 Vide
1182 3586 1457 3667 Frugouii
1513 3588 1683 3669 epist.
1742 3608 1820 3651 22
1884 3602 1942 3649 et
1982 3590 2061 3652 25
2124 3590 2500 3652 Tom.x111
2556 3602 2785 3672 operum

749 3685 1034 3769 Aiga-oni
1079 3712 1217 3775 pag.
1265 3714 1396 3776 ¹09·
1439 3693 1583 3757 edit.
1618 3696 1837 3763 venet.
1877 3718 2014 3761 ann.
2060 3704 2253 3783 1794,
2296 3712 2355 3761 st
2394 3718 2524 3784 pag.
2564 3694 2787 3775 84,85

751 3793 1048 3877 ejusdem.

835 3904 937 3986 (δ)
977 3901 1053 3969 A
1089 3906 1252 3970 Paris
1287 3927 1426 3973 ann.
1471 3908 1623 3995 1780
1658 3910 1725 3972 in
1759 3914 1821 3975 8.
