3125 4975
1042 358 1417 425 ursanus
1454 348 1644 409 mut
2265 356 2360 437 77

318 471 461 561 tius
518 473 792 559 claruit,
850 472 1263 547 scholasticis
1322 476 1394 545 in
1450 476 1686 565 primis
1749 475 2340 565 disputationibus}

322 592 541 670 Tanta
600 589 787 661 enim
841 604 985 665 orat
1037 588 1419 659 disserentis
1472 589 1576 657 vis
1631 603 1700 655 et
1749 595 2010 667 ἐνέργεια
2032 642 2056 675 ,
2109 608 2184 660 ut
2233 616 2357 663 ne-

324 728 441 787 mo
473 722 697 799 posset
736 722 911 781 stare
948 720 1214 789 contra.
1255 707 1342 777 Se
1369 730 1561 777 nosse
1599 704 1822 798 ajebat
1841 718 2114 794 ‘prorsus
2147 710 2360 783 nemis

324 846 483 906 nem
506 824 989 896 eruditissimus
1010 814 1337 895 Antonius
1368 827 1453 895 de
1474 822 1879 907 Comitibus,
1904 824 2019 913 qui
2033 876 2054 909 ,
2079 826 2354 901 solidius

326 964 522 1030 quam
555 943 653 1030 is,
691 958 943 1013 teneret
987 942 1317 1033 principia
1348 942 1602 1035 logicae
1639 942 2113 1030 aristotelicae,
2151 960 2220 1011 et
2255 943 2356 1018 ins

328 1060 529 1135 terius
576 1060 963 1153 pervaderet
1000 1059 1183 1135 illius
1221 1070 1513 1129 recessus
1535 1108 1552 1127 .

416 1178 721 1251 Aliarum
755 1200 1011 1287 quoque
1047 1176 1475 1247 scientiarum
1514 1176 1648 1247 sibi
1689 1178 2019 1268 praesidia
2054 1178 2353 1259 Michael

330 1294 643 1365 adscivit.
682 1296 913 1368 Studio
951 1306 1025 1365 se
1064 1296 1334 1365 dederat
1371 1294 1804 1385 geometriae,
1832 1322 1983 1367 cum
2014 1299 2356 1390 exquirere
2456 1298 2460 1303 ’

330 1412 609 1483 modum
646 1412 867 1504 coepit
900 1414 1237 1506 redigendi
1290 1414 1517 1483 circuli
1577 1438 1796 1484 aream
1851 1417 1937 1486 ad
1989 1416 2354 1487 dimensio-.-

336 1554 499 1601 nem
536 1530 873 1621 quadrati.
912 1535 1129 1624 Atque
1166 1532 1235 1601 id
1270 1556 1497 1602 revera
1552 1532 1684 1602 sibi
1726 1532 2108 1604 admirabili
2161 1536 2360 1629 plane

342 1642 540 1713 modo
578 1640 970 1732 patefactum
1008 1643 1321 1734 putabat,
1360 1643 1535 1735 quod
1577 1643 1874 1715 iuvenire
1913 1647 2129 1737 potuit
2161 1672 2362 1717 nemo

341 1755 553 1825 adhuc
588 1780 677 1825 ex
711 1757 1228 1829 mathematicis.
1268 1756 1624 1827 Enimvero
1661 1757 1972 1830 labuntur
2003 1759 2360 1849 aliquando

335 1890 403 1943 et
438 1874 741 1943 homines
795 1873 1059 1966 magni,
1121 1874 1235 1945 ubi
1292 1874 1642 1965 praecipue
1697 1876 2040 1967 indulgent
2089 1877 2358 1969 ingenio

332 2012 483 2059 suo.
523 1988 745 2059 Facile
782 1989 1125 2081 siquidem·
1156 1990 1523 2073 credimus,
1550 1988 1724 2079 quod
1759 2006 2060 2079 optamus
2082 2043 2098 2059 .
2141 1994 2361 2062 Astro-

330 2126 475 2171 rum
512 2104 720 2173 etiam
758 2106 1076 2175 scientiae
1114 2104 1445 2173 studiosus
1490 2105 1729 2174 Verius
1765 2105 1986 2195 plures
2025 2104 2360 2174 brumales

332 2232 559 2285 noctes
614 2217 954 2306 evigilavit
1006 2218 1131 2287 sub
1168 2219 1317 2303 dio,
1376 2218 1644 2289 notandi
1699 2219 1974 2309 cupidus
2035 2220 2361 2289 maximas

333 2328 591 2420 polaris
641 2334 875 2404 sideris
912 2337 1343 2429 digressiones
1384 2338 1467 2412 ad
1508 2360 1733 2406 verum
1790 2337 2138 2415 meridiani
2189 2354 2364 2415 tem-,-

348 2442 525 2536 poris
562 2465 878 2536 punctum
918 2452 1444 2523 constituendum
1468 2503 1485 2521 .

428 2562 618 2644 Idem
656 2587 747 2634 -se
802 2565 1047 2635 dicavit
1098 2569 1365 2658 insuper
1412 2567 1649 2636 studiis
1704 2566 2049 2649 chimicis,
2087 2581 2156 2636 et
2195 2587 2364 2635 anno

346 2679 521 2768 1726
554 2679 717 2749 'duas
754 2677 971 2749 edidit
1004 2680 1535 2766 dissertationes,
1575 2681 1850 2756 alteram
1887 2677 2154 2771 quidem
2193 2677 2363 2767 logi-2

340 2815 527 2878 cam,
568 2795 843 2866 alteram
884 2818 1039 2864 vero
1076 2797 1435 2869 chimicam
1472 2797 1506 2888 ζ
1517 2797 1582 2883 ι)
1605 2848 1622 2864 .
1681 2795 1858 2877 Illud
1895 2795 2076 2864 euim
2113 2815 2368 2862 sermo-r

337 2933 421 2982 ne
458 2911 803 2998 homiuum
842 2915 1339 3004 percrebuerat,
1394 2917 1778 3002 cathedram
1823 2915 1910 2984 iis
1959 2909 2366 3003 temporibus

336 3043 621 3102 erectum
658 3028 744 3100 iri
784 3029 855 3098 in
898 3029 1165 3118 publico
1199 3031 1511 3120 patavino
1550 3033 1808 3120 Lyceo,
1866 3029 2040 3098 unde
2077 3024 2368 3100 chimica

344 3137 722 3223 docerentur
743 3197 757 3211 .
798 3145 945 3214 Hoc
980 3144 1098 3213 ille
1134 3167 1373 3215 munus
1408 3167 1481 3214 se
1515 3159 1960 3214 assecuturum
2019 3139 2324 3231 sperabat
2346 3189 2366 3224 ,

348 3257 539 3326 Irrita
595 3285 743 3350 spes
795 3263 1098 3334 evanuit.
1150 3264 1387 3333 Paucis
1424 3264 1606 3334 enim
1645 3279 1901 3348 tantum
1955 3259 2196 3332 abhinc
2244 3281 2366 3327 an·-

346 3376 455 3462 nis
488 3376 859 3450 institutum
900 3397 1036 3466 est,
1074 3383 1251 3473 quod
1288 3385 1345 3453 is
1384 3382 1731 3472 cupiebat,
2383 3375 2388 3380 ⁸

436 3493 507 3562 N
507 3517 591 3570 Qu
630 3511 851 3574 tamen
885 3513 1227 3587 propterea
1266 3496 1525 3566 destitit
1562 3494 1650 3568 ab
1687 3493 1847 3564 artis
1885 3491 2210 3562 chimicae
2242 3505 2372 3559 stu„

340 3609 457 3700 dio
479 3663 494 3680 .
520 3616 729 3683 Totus
766 3617 839 3684 in
878 3618 995 3686 illo
1032 3633 1208 3686 erat.
1241 3619 1321 3686 In
1360 3615 1501 3710 ejus
1538 3612 1860 3684 cubiculis
1895 3611 2140 3702 ubique
2171 3605 2374 3695 cliba-

428 3961 532 4038 (1)
569 3965 929 4042 Pacciolstus
946 4011 967 4044 ,
1004 3969 1168 4028 Fasti
1205 3967 1507 4051 Gymnasii
1542 3965 1800 4050 patavini
1837 3963 2016 4036 Tom.
2037 3959 2114 4020 11.
2140 3976 2198 4038 p.
2233 3963 2372 4029 2299·⁴
