3125 4975
1039 355 1318 411 sosapm
1356 357 1587 410 usmr
2218 329 2348 426 157

318 475 614 572 stipulas
671 492 1116 569 propugnator
1179 476 1357 546 visus
1421 493 1526 546 est
1592 473 1848 565 optime
1921 470 1992 544 in
2052 469 2349 568 ejusdem

319 597 586 688 linguae
623 593 1092 664 exercitatione
1142 593 1428 663 versari.
1489 592 1647 662 Fuit
1701 592 1812 660 hic
1874 592 2198 662 Antonius
2250 593 2355 661 0-

321 715 606 804 prandus
624 764 647 798 ,
685 713 800 804 qui
855 729 1082 805 postea
1136 709 1691 802 archipresbyteri
1748 709 2070 800 dignitate
2120 723 2349 781 auctus

326 827 610 898 decessit
649 825 943 919 pluribus
991 825 1234 896 abhinc
1273 825 1495 895 annis.

417 945 694 1015 Pasinus
749 944 1018 1016 interim
1075 945 1432 1014 atestinum
1491 942 1947 1012 canonicatum
2002 936 2290 1008 obtinuit
2328 981 2353 1020 ,

327 1081 524 1151 quem
565 1083 716 1129 cum
754 1059 886 1130 alio
923 1074 1152 1150 postea
1181 1057 1545 1128 sacerdotio
1582 1055 1977 1125 cathedralis
2034 1048 2353 1120 ecclesiae

327 1175 716 1265 patavinae,
762 1187 1090 1244 annuente
1144 1171 1454 1261 episcopo
1488 1219 1510 1252 ‚
1571 1164 2001 1239 commutavit
2026 1214 2043 1230 .
2100 1164 2351 1253 Magno

199 1373 203 1376 ,
327 1295 448 1364 ille
483 1297 556 1362 in
595 1295 840 1362 honore
878 1307 980 1358 est
1017 1288 1282 1356 habitus
1320 1286 1556 1356 avitis
1613 1282 1927 1354 litteratis
1966 1281 2169 1350 etiam
2216 1278 2357 1370 pri·-

329 1413 428 1480 mi
467 1408 718 1476 ordinis
765 1422 836 1473 et
871 1403 1214 1475 subsellii.
1263 1405 1344 1472 In
1399 1391 1897 1494 ephemeridem
1948 1399 2046 1470 rei
2102 1398 2361 1468 littera-

333 1523 474 1590 riae
517 1517 704 1585 libris
729 1516 976 1606 passim
1015 1515 1098 1586 de
1129 1517 1371 1586 Pasino
1408 1511 1877 1608 perhonorifice
1918 1515 2023 1604 (1)
2051 1541 2071 1598 ς
2100 1529 2171 1582 et
2192 1505 2375 1582 Fac?

337 1630 618 1698 ciolatus
651 1629 720 1697 in
757 1629 894 1698 suis
931 1629 1154 1698 latinis
1191 1631 1496 1720 epistolis
1542 1630 1629 1700 ad
1677 1627 2193 1698 litteratissimus
2250 1623 2355 1698 vir·

340 1771 445 1816 ros
465 1776 487 1834 3
505 1771 776 1837 quorum
801 1749 954 1816 aliis
983 1749 1192 1816 mittit
1227 1749 1528 1843 ejusdem
1572 1772 1775 1839 opera
1804 1747 1942 1837 (2),
1966 1745 2119 1816 aliis
2144 1745 2365 1834 ipsum

337 1859 524 1947 quasi
565 1858 798 1930 ducem
852 1859 936 1928 ad
975 1860 1322 1930 orientalia
1376 1861 1601 1934 studia
1652 1861 1963 1953 proponit
2000 1860 2107 1950 (3)
2136 1909 2153 1926 .
2193 1855 2371 1926 Hinc

335 1987 594 2042 exteras
631 1995 888 2064 quoque
924 1975 1223 2064 regiones
1264 1976 1486 2046 Pasini
1533 1972 1715 2046 fama
1752 1973 2043 2064 pervasit
2061 2023 2079 2041 .
2134 2057 2141 2064 ὁ

429 2087 622 2156 Anno
659 2087 884 2177 itaque
915 2109 1088 2179 1720
1112 2089 1478 2158 Taurinum
1515 2089 1763 2158 accitus
1792 2079 2367 2157 honorificentissi-

341 2227 454 2272 mo
509 2203 686 2271 sardi
719 2204 914 2294 ‘regis
973 2203 1232 2272 decreto
1251 2256 1274 2288 ‚
1313 2205 1793 2296 splendidoque
1848 2203 2179 2297 stipendio
2217 2201 2326 2293 (4)
2350 2249 2374 2286 ‚

211 2376 216 2380 .
343 2339 600 2386 sacram
629 2315 1036 2404 Soripturam
1072 2334 1140 2383 et
1172 2318 1432 2408 linguas
1471 2319 1557 2388 ad
1593 2343 1744 2388 eam
1780 2320 2183 2406 pertinentes
2214 2339 2371 2407 pro-

345 2433 556 2505 fessus
615 2449 720 2505 est
771 2433 844 2503 in
903 2431 1172 2525 publiea
1227 2431 1346 2503 illa
1382 2436 1603 2527 regiae
1640 2433 1929 2505 civitatis
1965 2433 2367 2504 Academia.

333 2549 654 2622 Latinam
691 2570 950 2638 quoque
999 2545 1362 2617 orationem
1411 2546 1647 2617 hahuit
1684 2545 1901 2637 primo
1936 2549 2233 2633 ingressu
2286 2548 2373 2619 de

349 2663 770 2734 necessitates
797 2659 1169 2751 linguarum
1211 2659 1633 2731 orientalium
1658 2649 1691 2744 ‚⁴
1730 2658 2081 2750 praecipue
2123 2654 2380 2725 hebrai-

345 2802 462 2851 eae
485 2832 507 2865 ‚
543 2778 630 2849 ad
664 2778 930 2869 plenam
975 2778 1044 2849 S.
1083 2776 1462 2869 scripturae
1499 2776 2056 2867 intelligentiam,
2094 2794 2263 2865 quae
2300 2793 2375 2840 e·-
2461 2795 2469 2801 ·
2508 2798 2512 2806 ·

349 2896 712 2970 ruditorum
769 2898 1055 2967 virorum
1107 2893 1356 2989 judicio
1409 2897 1714 2988 proxime
1772 2894 1859 2963 ad
1917 2915 2063 2962 eam
2124 2892 2381 2987 accedit

356 3032 555 3103 quam
584 3009 670 3081 ad
705 3008 774 3081 S.
793 3010 1198 3103 scripturam
1236 3010 1418 3083 idem
1441 3008 1770 3082 habuerat
1804 3007 2209 3079 Facciolatus
2230 3029 2381 3083 omn

1039 3242 1702 3281 mmmmm

446 3430 546 3515 (ι)
588 3424 863 3497 Giornale
902 3424 1000 3495 dei
1036 3428 1320 3495 Letterati
1362 3427 1420 3493 d
1441 3430 1609 3495 Italia
1645 3428 1732 3494 T.
1771 3428 1995 3498 XXVI
2027 3451 2158 3516 pag.
2200 3432 2381 3509 4664

365 3542 546 3603 Tum.
607 3540 898 3607 XXXIV
951 3550 1058 3609 art.
1127 3557 1217 3603 12.
1272 3560 1408 3625 pag.
1455 3539 1591 3619 456.
1644 3539 1826 3622 4564
1889 3542 2068 3603 Tou.
2121 3539 2385 3609 XXXV

335 3656 473 3721 ,ut
509 3645 630 3709 XI·
667 3660 799 3729 με.
839 3648 978 3729 273·

305 3802 313 3811 ,
453 3746 554 3822 (2)
594 3746 782 3828 Epist.
822 3748 923 3825 45.
962 3746 1040 3809 ad
1073 3748 1170 3810 Jo.
1211 3696 1570 3813 Fabricium.

449 3846 551 3923 (3)
591 3846 780 3930 Epist
817 3850 917 3911 68.
956 3848 1034 3911 ad
1068 3848 1384 3933 Thnephi}
1422 3850 1695 3935 sigefrid.
1738 3854 2015 3936 Bayemm
2028 3892 2049 3921 ι

452 3948 552 4031 (4)
593 3952 732 4015 Lire
751 3950 1142 4034 ,piemontensi
1178 3956 1357 4019 2300.
