3125 4975
1099 416 1304 473 maru
1341 416 1659 471 necron
2254 386 2393 470 523

456 538 645 617 Grati
682 536 889 615 animi
927 566 1120 613 sensu
1157 542 1671 635 prosequebatur
1707 535 2151 615 Seminarium
2211 554 2394 637 pata.

368 657 594 726 vinum
615 658 727 743 ‚in
751 681 879 748 quo
917 656 1084 726 altus
1123 658 1302 725 idem
1343 673 1411 726 et
1447 657 1757 725 educatus
1780 708 1796 723 .
1818 657 1935 725 Ait
1974 658 2137 725 illud
2160 660 2397 751 juvans

363 770 494 841 dae
543 768 882 842 studiosae
917 768 1301 865 juventutis
1333 766 1897 839 studiosissimum
1932 794 2190 859 semper
2210 772 2397 859 fiii&

355 911 428 956 se
467 890 604 979 (1).
653 890 738 957 Et
793 888 956 956 alibi
1017 888 1310 979 appellat
1349 888 1570 979 ipsum
1614 882 2137 956 seminar-iorum
2168 909 2387 958 exema

353 1000 508 1095 plat·
545 1006 680 1096 (2).
722 1004 800 1071 In
839 1004 960 1072 hoc
999 1002 1443 1072 Seminarium
1507 1002 1804 1070 maxima
1856 1002 2037 1071 illius
2078 1000 2343 1071 affectio
2370 1052 2386 1071 .

359 1117 504 1185 Nec
543 1138 856 1209 umquam
895 1117 1176 1185 mutavit
1224 1116 1520 1185 animum
1582 1116 1839 1186 caelum
1882 1135 2142 1187 mutans
2168 1172 2188 1203 ‚
2237 1143 2389 1189 cum

349 1236 696 1307 Patavium
735 1240 980 1305 Parma
1019 1236 1435 1304 vacationum
1477 1250 1775 1325 tempore
1830 1238 2174 1321 rediisset,
2216 1238 2385 1309 nihil
2483 1289 2489 1296 -

347 1352 567 1438 potius
608 1350 878 1433 habuit,
923 1371 1128 1439 quam
1167 1363 1240 1417 ut
1287 1371 1505 1415 rursus
1547 1344 1871 1417 inviseret
1906 1350 2389 1439 Seminarium,

356 1468 464 1536 cui
513 1487 630 1535 sua
687 1466 936 1556 legavit
973 1464 1260 1535 moriens
1323 1466 1604 1555 scripta,
1656 1467 1893 1557 quihus
1932 1470 2223 1539 litterato
2269 1470 2393 1539 ho-

351 1578 520 1646 mini
557 1578 725 1647 nihil
761 1580 1014 1647 carius.
1055 1578 1410 1649 Servantur
1447 1579 1615 1649 haec
1656 1582 1725 1648 in
1770 1580 2124 1652 Seminarii
2174 1578 2383 1674 ipsius

353 1698 756 1767 bibliotheca
781 1752 802 1782 ‚
842 1698 1140 1790 mihique
1179 1700 1537 1790 plurimum
1578 1700 1876 1791 profuere
1908 1702 1990 1771 de
2028 1702 2209 1771 illius
2250 1726 2387 1770 rno-

349 1812 528 1880 ribus
584 1812 950 1902 studiisque
1015 1811 1372 1915 scribenti.
1423 1814 1794 1883 Plurimum
1850 1838 2002 1883 vero
2041 1816 2271 1884 Petrus
2310 1840 2383 1886 se

355 1930 775 2002 commendat
833 1929 1120 2002 demisse
1176 1930 1258 2001 de
1312 1955 1384 2001 se
1421 1930 1767 2001 sentiendo
1796 1984 1811 2002 .
1843 1960 1879 1997 υ
1906 1931 2046 2022 Ego
2088 1934 2389 2015 vero,in-

343 2078 380 2113 υ
427 2046 612 2137 quit,
652 2061 786 2115 tam
825 2046 1017 2140 longe
1057 2044 1290 2115 absum
1324 2100 1347 2133 ‚
1373 2062 1447 2115 ut
1483 2038 1680 2116 nemo
1742 2045 1961 2115 minus
2000 2046 2069 2114 in
2108 2046 2249 2140 ejus
2288 2048 2383 2117 lo-

341 2191 379 2231 v
427 2190 576 2234 cum
617 2170 646 2254 (
679 2166 864 2237 Bassi
905 2163 1212 2257 scilicet)
1261 2163 1496 2235 fuisset
1530 2164 1952 2236 sufficientius
1984 2166 2092 2257 (3)
2130 2189 2166 2231 υ
2190 2214 2207 2236 .

442 2280 660 2366 Quam
720 2278 1071 2367 diligenter
1125 2278 1336 2345 obivit
1373 2279 1709 2368 religionis
1746 2279 2005 2348 officia!
2063 2277 2242 2351 llaec
2290 2304 2375 2351 ex

346 2395 488 2490 ejus
547 2395 745 2488 gestis
807 2394 1104 2480 emicat,
1170 2410 1238 2463 et
1297 2392 1605 2483 scriptis.
1645 2396 1833 2487 Quae
1874 2395 2223 2490 praecipue
2288 2400 2372 2471 de

335 2513 530 2584 beato
567 2514 887 2605 Gregorio
946 2513 1311 2584 Barbadico
1359 2512 1671 2604 scripsit,
1733 2539 1871 2582 rem
1934 2516 2370 2604 pervincunt.

334 2635 432 2706 Ea
472 2636 652 2703 enirn
681 2631 1020 2703 hominem
1063 2633 1314 2724 pietate
1354 2657 1427 2702 ac
1467 2631 1789 2726 religione
1827 2631 2187 2701 ferventem
2228 2656 2373 2723 pro·

335 2751 500 2820 dunt
525 2799 540 2817 .
581 2745 727 2818 Pa'ti
768 2771 896 2817 non
937 2763 1194 2839 poterat
1230 2749 1482 2818 laudari
1525 2771 1921 2839 quemquam
1959 2769 2043 2813 ex
2084 2748 2368 2816 Hetere-

336 2865 526 2934 doxis
565 2864 668 2932 vel
696 2863 766 2930 in
806 2863 936 2947 iis„
957 2887 1123 2954 quae
1164 2887 1292 2929 non
1334 2861 1665 2952 pertinent
1704 2857 1784 2929 ad
1816 2859 2203 2950 religionem
2229 2857 2369 2942 ,eiu

341 2981 495 3052 dem
533 3007 792 3074 prorsus
841 2981 1138 3076 addictus
1167 3033 1183 3050 .
1209 2981 1485 3050 Parmae
1523 2980 1695 3050 obiit
1731 2996 2097 3049 extremum
2139 2977 2316 3046 diem
2345 3027 2369 3062 ,

338 3114 411 3165 ut
449 3096 668 3164 audivi
692 3150 715 3183 ‚
772 3121 922 3164 ann.
973 3120 1143 3188 1779
1175 3145 1190 3162 .
1231 3097 1426 3164 Nihil
1481 3095 1665 3165 aliud
1701 3110 2110 3186 compertum
2148 3081 2363 3162 habeo

342 3235 427 3280 ex
467 3212 780 3282 distantia
814 3213 944 3282 loci
985 3235 1060 3282 ac
1101 3215 1418 3303 temporis
1447 3263 1464 3282 .

1019 3438 1425 3470 mmmm
1431 3438 1680 3469 mm

436 3637 537 3717 (1)
581 3635 650 3694 In
687 3627 837 3694 libro
876 3651 1048 3695 manu
1089 3633 1339 3716 scripto,
1376 3651 1504 3716 pag.
1546 3635 1685 3712 243.

360 3782 375 3802 .
415 3747 514 3824 (9,)
559 3747 625 3804 In
663 3756 803 3805 orat.
849 3766 872 3805 1
915 3763 984 3806 ex
1023 3741 1206 3804 tribus
1248 3740 1416 3804 simul
1453 3739 1622 3804 editis
1683 3737 1836 3828 typis
1874 3735 2129 3823 eiusdem
2168 3739 2355 3810 Semi-

331 3850 480 3912 narii
517 3865 708 3934 patav.
751 3874 884 3950 ann.
935 3859 1082 3936 ¹747
1123 3873 1254 3938 pag.
1297 3849 1396 3917 25.

423 3953 523 4034 (5)
561 3953 710 4018 lbid.
755 3977 888 4039 pag.
933 3977 1032 4018 22·
