3125 4975
899 299 1074 390 416·
1836 309 2005 360 VITA

891 434 1194 530 gentibus
1233 457 1351 518 ea,
1397 432 1761 524 praecipue·
1788 453 2052 521 graecas
2092 429 2457 522 tragoedias
2482 485 2505 518 ,
2544 451 2619 502 et
2658 435 2947 507 Homeri

887 551 1192 620 Iliadem=
1227 551 1393 617 hanc
1421 544 1693 636 quidem
1731 566 2031 614 sermone
2069 545 2417 614 vernaculo
2442 545 2715 636 abipso
2746 573 2947 640 expo-

889 663 1132 750 sitam,
1173 685 1284 731 eas
1340 663 1563 729 autem
1610 657 1883 726 cultiore
1931 657 2188 748 lingua.
2249 659 2355 726 De
2406 674 2687 748 utroque
2738 687 2939 751 opere

887 799 1150 874 postea.
1173 777 1352 869 Quin
1377 778 1583 846 etiam
1632 776 1923 845 carmina
1962 775 2317 866 aliquando
2356 776 2600 846 edebat
2644 800 2739 846 ex
2780 795 2939 849 tem-
3043 855 3045 858 ,

885 921 1042 990 pore
1069 949 1087 968 .
1151 899 1257 966 De
1315 895 1604 985 quodam
1665 892 1900 961 Publio
1936 892 2217 961 Lentulo
2278 891 2575 962 scribens
2618 895 2933 982 Tullius,
3043 895 3045 898 ’

883 1047 924 1082 υ
955 1013 1280 1110 quidquid
1319 1013 1588 1096 habuit,
1630 1013 1877 1102 inquit,
1908 1027 2511 1102 quantumcumque
2552 1009 2715 1096 fuit,
2762 1012 2929 1084 illud
3032 1066 3039 1075 -

881 1165 924 1202 n
961 1150 1168 1202 totum
1198 1132 1431 1202 habuit
1461 1155 1544 1200 ex
1584 1129 1931 1220 disciplina
1955 1155 1970 1199 ε
1994 1131 2431 1198 instrumenta
2462 1146 2745 1198 naturae
2778 1131 2925 1202 dee-

891 1268 1102 1320 arant
1135 1279 1176 1316 n
1227 1251 1364 1342 (ι).
1431 1251 1773 1318 Boarettus
1827 1244 2361 1316 liberalissimam
2420 1245 2661 1314 habuit
2717 1248 2795 1340 in
2850 1273 2921 1317 se
3046 1261 3048 1322 ξ

879 1383 1184 1438 naturam
1212 1370 1372 1459 (qua
1412 1381 1816 1458 repugnante
1868 1365 1937 1434 in
1980 1365 2085 1434 his
2123 1364 2360 1438 studiis
2420 1363 2777 1433 tolerabile
2815 1369 2914 1432 ni·
3046 1351 3048 1378 ⁵

878 1479 980 1550 hil
1015 1479 1088 1549 lit
1112 1483 1185 1572 );
1223 1482 1398 1572 quod
1441 1505 1591 1550 vero
1630 1479 1715 1550 ab
1752 1501 1831 1548 ea
1867 1478 2057 1570 quasi
2101 1477 2481 1549 inchoatum
2520 1497 2912 1570 acceperat,

877 1615 998 1664 usu
1051 1611 1121 1664 et
1165 1593 1518 1686 disciplina
1559 1591 1837 1692 perfecit
1858 1645 1875 1660 .

973 1711 1106 1787 Sed
1143 1723 1271 1780 non
1309 1711 1380 1780 in
1417 1735 1488 1780 re
1527 1700 1787 1800 poetica
1826 1725 2080 1780 tentum
2104 1761 2125 1792 ,
2168 1710 2373 1778 valuit
2410 1733 2677 1801 quoque
2714 1711 2917 1800 pluri-

875 1847 1061 1896 mum
1085 1824 1156 1892 in
1193 1825 1406 1892 soluta
1435 1823 1731 1892 numeris
1769 1823 2097 1908 oratione3
2130 1825 2225 1892 uti
2268 1824 2573 1894 novimus
2604 1849 2694 1895 ex
2724 1825 2913 1896 libel-

879 1938 978 2022 lo,
1001 1959 1198 2026 quem
1223 1958 1393 2002 anno
1421 1936 1593 2023 1783
1612 1934 1966 2004 seminarii
2000 1937 2293 2026 patavini
2320 1937 2497 2025 typis
2526 1937 2793 2006 editum
2824 1941 2910 2008 sic
3026 1974 3034 2005 ι

875 2049 1248 2136 inscripsit:
1289 2046 1699 2118 Assa-tiones
1715 2045 2209 2138 philosophicae
2228 2099 2247 2120 .
2285 2051 2391 2119 De
2433 2049 2538 2120 his
2572 2055 2905 2140 praeclare

873 2160 1114 2232 eruditi
1141 2159 1263 2228 viri
1287 2209 1304 2227 .
1341 2161 1441 2230 Ac
1481 2160 1639 2230 licet
1664 2161 2054 2250 posteriores
2092 2161 2253 2232 duas
2290 2186 2419 2234 uon
2456 2161 2817 2252 perfecerit
2848 2181 2909 2236 ut

868 2277 1197 2370 primam,
1236 2292 1426 2348 erunt
1479 2293 1701 2348 tamen
1760 2278 1945 2369 ipsae
2000 2276 2341 2370 specimen
2394 2303 2521 2348 non
2584 2281 2900 2372 exiguum

867 2395 1051 2466 illius
1090 2397 1424 2482 doctrinae
1463 2414 1532 2468 et
1569 2399 1857 2491 ingenii.
1899 2401 1983 2468 Et
2018 2398 2107 2468 ad
2144 2396 2587 2490 multiplicem
2628 2401 2899 2491 quidem

869 2512 1410 2606 philosophorum
1451 2513 1819 2583 doctrinam
1846 2512 2201 2587 Seminarii
2240 2513 2539 2583 alumnos
2578 2514 2899 2606 aliquam·

863 2630 984 2699 diu
1020 2628 1342 2703 instituit.
1365 2628 1831 2699 Introducebat
1868 2652 1980 2697 eos
2016 2626 2445 2701 laetabundos
2478 2630 2547 2698 in
2584 2629 2895 2701 interiora

861 2742 1060 2839 hujus
1097 2744 1297 2833 adyta
1335 2741 1765 2833 disciplinae,
1806 2740 2225 2813 severitatem
2290 2741 2585 2837 ejusdem
2642 2760 2891 2836 tempe·

863 2884 1016 2933 rans
1053 2857 1380 2947 elegantia
1403 2861 1738 2942 sermonis
1762 2912 1777 2929 .
1816 2860 2301 2931 Mathematica
2359 2884 2621 2952 quoque
2666 2863 2885 2933 studia

786 3057 792 3062 ¹
863 2977 1215 3066 diligenter
1249 2978 1575 3062 excoluit,
1614 3002 1783 3068 quae
1819 2978 2116 3071 physicis
2155 2980 2347 3051 valde
2400 2977 2667 3050 affinia.
2728 2982 2887 3052 cal-

862 3089 1046 3163 lebat
1079 3092 1332 3182 optime
1389 3088 1552 3185 juris
1606 3092 1922 3163 naturalis
1970 3093 2317 3163 scientiam
2342 3146 2365 3179 ,
2404 3116 2481 3161 ac
2519 3092 2885 3183 plurimum

799 3240 804 3243 ·
861 3225 1154 3278 versatus
1191 3197 1332 3279 erat
1367 3205 1438 3279 in
1475 3211 1773 3280 doctrina
1810 3228 2101 3301 patrum.
2140 3212 2509 3285 Hebraicae
2546 3226 2889 3301 praeterea

857 3317 1119 3411 linguae
1157 3321 1289 3391 sibi
1325 3322 1657 3413 praesidia
1702 3324 2069 3397 adsciverat
2104 3323 2189 3393 ad
2228 3346 2557 3393 sacrarum
2600 3324 2881 3415 scriptu.

861 3460 1080 3509 rarum
1117 3438 1669 3529 intelligentiam,
1709 3464 1985 3531 quarum
2022 3440 2241 3511 studio
2278 3440 2383 3509 vel
2420 3438 2719 3511 maxime
2766 3440 2881 3511 du-

861 3548 1165 3627 cebatur.
1223 3550 1346 3621 His
1402 3553 1759 3625 accedebat
1814 3554 2045 3647 ingens
2104 3550 2461 3625 memoriae
2502 3554 2599 3624 vis
2623 3607 2641 3622 .
2692 3556 2883 3645 Qua·

1531 3760 2191 3789 mmmm

935 3922 1039 4014 (a)
1079 3924 1177 3985 De
1211 3923 1381 3987 claris
1421 3936 1629 3991 orator.
1668 3944 1721 3989 c.
1762 3946 1860 4009 77.
