3125 4975
2267 310 2395 360 xlx

339 456 556 509 eorum
597 457 716 505 ora
755 454 838 503 ac
889 430 1108 507 vultus
1131 478 1156 515 ,
1201 422 1368 497 ortis
1413 436 1703 515 repente
1742 419 2243 513 quaestionibus
2286 426 2395 500 in-

333 574 574 629 teresse
599 608 620 641 ,
657 553 892 623 audire
931 548 1235 620 homines
1274 544 1520 617 indolis
1561 541 2051 627 discordiosae,
2106 557 2175 609 et
2229 543 2397 634 lepi-

333 677 658 748 dissimae
695 673 909 743 multa
933 670 1106 741 inter
1135 692 1210 739 se
1248 680 1476 759 argute
1513 664 1741 733 dicere
1763 714 1787 747 ,
1816 660 2025 731 multa
2050 659 2391 753 ingeniose

331 792 510 861 vitae
564 788 970 861 erudiendae
1013 808 1254 871 causa3
1313 781 1436 851 hos
1487 800 1837 870 quaerere,
1886 793 2107 845 utrum
2156 798 2275 843 nos
2313 799 2397 845 ea

331 912 552 1003 magis
593 923 938 991 moveant,
975 927 1144 997 quae
1175 899 1438 985 menti,
1476 922 1558 969 an
1594 922 1708 981 ca,
1745 918 1913 988 quae
1940 894 2251 967 sensibus
2276 895 2393 965 ob-

331 1034 698 1129 jiciuntur3
738 1030 890 1100 illos
929 1023 1249 1097 sciscitari
1274 1075 1296 1108 ,
1357 1042 1519 1089 num
1566 1017 1715 1109 plus
1778 1040 1863 1087 ex
1924 1015 2344 1107 philosophia
2364 1072 2388 1105 ,

334 1176 428 1221 an
489 1174 576 1219 ex
629 1147 892 1240 poetica
949 1142 1260 1213 facultate
1299 1135 1737 1209 emolumenti
1774 1132 1845 1204 in
1880 1134 2227 1205 hominum
2282 1135 2387 1202 vi-
2464 1208 2473 1215 ‚

333 1288 480 1343 tam
520 1262 858 1347 dimanet3
887 1258 1066 1327 hunc
1102 1252 1430 1323 ferventer
1463 1250 1896 1334 contendere,
1928 1250 2131 1319 altero
2158 1250 2382 1320 adver-

333 1392 530 1447 sante
559 1428 580 1459 ,
629 1396 778 1443 rem
835 1392 988 1439 esse
1023 1366 1211 1437 valde
1272 1366 1536 1436 noxiam
1576 1364 1877 1433 societati
1910 1376 1999 1459 :ae
2038 1362 2330 1435 moribus
2350 1414 2375 1448 ,

348 1486 504 1579 eius
543 1484 707 1553 artis
744 1479 1186 1551 inventionem
1207 1531 1228 1563 ,
1265 1502 1390 1570 qua
1427 1476 1711 1568 posteris
1758 1492 2061 1567 typorum
2109 1500 2229 1546 usu
2266 1498 2386 1545 ex-

347 1600 580 1692 pedito
628 1596 1020 1667 mandantur
1049 1595 1333 1687 cogitata
1395 1607 1691 1683 etgesta
1732 1587 2099 1683 majorum3
2147 1612 2384 1681 quem-

347 1714 508 1785 dam
541 1712 860 1783 honorum
919 1709 1005 1779 ad
1050 1709 1230 1779 vitae
1285 1706 1639 1777 commoda
1682 1704 2149 1797 pertinentium
2204 1703 2387 1774 desi-

341 1832 532 1903 derio
567 1830 949 1925 juveniliter
983 1828 1314 1901 exsultare
1347 1856 1372 1917 3
1405 1827 1683 1897 alterum
1733 1825 1889 1918 angi
1928 1841 1994 1897 et
2020 1824 2383 1898 excruciari

339 1966 530 2020 metu
581 1949 948 2033 malorum,
983 1947 1226 2040 quibus
1281 1948 1520 2019 eadem
1576 1946 1713 2016 vita
1748 1945 2189 2015 conflictatur.
2242 1944 2375 2015 Sed

335 2083 412 2137 et
457 2067 576 2137 illa
631 2068 806 2138 mihi
859 2064 988 2136 fuit
1033 2065 1440 2161 perjucunda
1476 2063 1809 2135 contentio
1860 2063 2134 2140 duorum
2190 2062 2381 2158 juve-

337 2211 504 2255 num
527 2238 548 2271 ,
583 2212 862 2278 quorum
897 2210 1061 2257 unus
1099 2186 1388 2257 secunda
1423 2208 1494 2255 re
1532 2184 1731 2277 gestit
1768 2208 1843 2255 ac
1904 2184 2229 2272 laetatur,
2280 2183 2383 2253 al-

333 2320 442 2371 ter
483 2301 758 2369 adversa
793 2318 1045 2397 moeret
1098 2300 1537 2372 insolabiliter
1555 2330 1577 2389 3
1616 2316 1915 2392 pergrata
1972 2325 2051 2371 ea
2098 2324 2373 2373 concer-

343 2412 522 2485 tatio
557 2413 730 2496 inter
765 2414 1096 2503 garrulum
1129 2414 1348 2485 nescio
1393 2438 1591 2508 quem
1633 2440 1709 2483 ac
1744 2419 2150 2506 pertinacem
2188 2416 2371 2506 igno-

337 2529 604 2600 rantiae
637 2547 991 2620 patronum
1028 2529 1332 2622 figentem
1372 2527 1636 2599 infestis
1681 2529 1935 2598 aculeis
1973 2529 2147 2596 viros
2204 2529 2391 2598 litte-

335 2658 520 2712 ratos
555 2695 576 2730 ,
636 2667 714 2714 ac
775 2643 950 2713 inter
1005 2644 1396 2715 acerrimum
1480 2642 1800 2714 scientiae
1838 2653 2385 2732 propugnatorem

337 2761 872 2832 stomachantem
897 2816 920 2849 ,
959 2780 1028 2833 et
1064 2764 1356 2853 persalse
1397 2762 1785 2833 irridentem
1826 2759 2194 2830 molestiae
2232 2759 2381 2830 sub-

337 2881 588 2950 morosi
627 2882 983 2952 adversarii
1030 2883 1306 2953 dicteria
1331 2937 1352 2970 ‚
1417 2900 1769 2976 postquam
1808 2882 2000 2953 illum
2058 2877 2383 2960 fatuitatis

337 2997 630 3066 convicit
673 3013 868 3089 atque
923 2997 1263 3066 damnavit
1297 3047 1315 3068 .
1371 3001 1603 3088 Quam
1658 2999 1881 3088 lepida
1920 3021 2071 3068 vero
2110 3021 2188 3067 ea
2243 2997 2385 3066 dis-

343 3112 568 3182 sensio
603 3115 766 3186 duos
813 3117 989 3186 inter
1047 3117 1476 3187 vehementer
1511 3143 1880 3212 pugnaces,
1918 3133 1986 3188 et
2020 3117 2107 3188 ad
2162 3115 2379 3187 rixam

341 3231 682 3319 concitos,
728 3259 892 3324 quos
953 3235 1154 3307 babet
1211 3237 1530 3307 sollicitos
1588 3238 1885 3330 quaestio
1928 3253 1997 3304 et
2052 3234 2380 3308 dubitatio

329 3347 432 3416 de
471 3347 682 3416 causis
715 3348 980 3420 dolendi
1009 3375 1086 3420 ac
1125 3351 1460 3422 laetandi?
1483 3355 1579 3422 Ut
1610 3351 1832 3422 videre
1856 3351 1971 3418 ⁴est
2002 3348 2075 3418 in
2109 3349 2371 3441 dialogo

337 3460 520 3530 inter
585 3463 1010 3534 Charmidem
1067 3481 1134 3535 et
1188 3465 1603 3552 Achontem,
1667 3465 1735 3533 in
1784 3487 1913 3555 quo
1968 3486 2097 3532 uno
2151 3462 2373 3535 consi-

337 3593 516 3649 stam
537 3609 560 3666 3
599 3597 750 3650 sunt
786 3582 967 3654 enim
1013 3584 1084 3652 in
1123 3583 1360 3654 eodem
1401 3606 1637 3676 genere
1674 3585 1911 3675 reliqui
1950 3603 2219 3650 omnes:

321 3725 380 3766 o
428 3695 551 3767 Ch.
593 3701 862 3790 Quanta
917 3703 1328 3796 voluptatum
1381 3727 1570 3796 seges
1624 3719 1725 3774 est
1748 3756 1772 3791 ,
1832 3701 2233 3790 ubicumque
2268 3695 2381 3766 lo·

703 3849 742 3883 υ
789 3843 1020 3893 corum

519 3964 558 4004 n
603 3937 962 4012 Vivimus!
