3125 4975
834 399 1181 478 hun-mm
1219 420 1626 490 coenoman
2142 407 2280 498 453

197 583 352 630 sus
393 553 518 648 fuit
545 603 564 622 .
603 553 794 622 Tunc
831 550 1014 618 enirn
1054 573 1093 618 a
1129 546 1498 618 Seminario
1538 539 1927 620 discesserat
1965 549 2275 625 For-celli-

209 697 408 754 nus‚
453 687 666 757 neque
705 679 902 733 antea
943 661 1156 752 potuit
1194 684 1278 731 ex
1317 685 1511 752 opere
1551 663 1855 756 Mapheji
1900 666 2237 754 proficere.

335 789 472 854 Eas
511 783 738 872 itaque
774 801 970 849 voces
1035 777 1200 868 legit
1233 777 1634 870 cajetanus,
1690 803 1851 870 quas
1910 783 2269 878 Maphejus

211 899 354 968 vel
394 898 630 966 dubias
670 895 912 977 habet,
949 891 1054 960 vel
1093 915 1354 982 prorsus
1393 891 1653 984 rejicit3
1690 895 2090 966 Forcellinus
2154 923 2273 968 au-

215 1034 386 1086 tem
423 1029 492 1082 et
527 1029 735 1082 certas
773 1025 998 1102 putat,
1038 1025 1106 1078 et
1141 1010 1332 1080 Latio
1371 1010 1573 1080 donat
1593 1039 1616 1098 3
1648 1035 1806 1082 mox
1840 1012 2021 1083 idem
2062 1015 2274 1109 subii..

217 1130 380 1201 cit:
418 1125 544 1196 has
579 1148 700 1217 ego
735 1147 910 1194 nunc
944 1119 1030 1192 ob
1067 1124 1296 1192 oculos
1325 1147 1579 1212 ponam
1612 1177 1872 1197 .....
1913 1126 2092 1218 ipsas
2120 1127 2273 1220 ple-

216 1235 523 1332 rumque
575 1239 843 1312 tabulas
879 1237 910 1327 (
961 1237 1136 1306 unde
1197 1238 1451 1308 scilicet
1505 1263 1624 1310 eae
1678 1241 2065 1334 desumptae
2104 1249 2134 1338 )
2188 1257 2265 1317 ut

213 1357 424 1450 ipsae
459 1353 948 1444 quodammodo
978 1376 1102 1440 pro
1136 1378 1210 1424 se
1245 1353 1607 1442 loquantur
1624 1412 1642 1428 .
1686 1357 1930 1429 Dicam
1964 1383 2089 1452 ego
2124 1360 2261 1429 ali-

229 1473 411 1570 quid
436 1465 801 1562 aliquando
819 1527 842 1560 ‚
881 1466 1255 1545 verecunde
1291 1479 1520 1542 tamen
1553 1495 1637 1540 ac
1673 1468 2065 1544 dubitanter·
2112 1477 2257 1566 (1).

90 1583 92 1614 ⁵
229 1593 356 1664 Sic
393 1593 453 1660 is
489 1613 648 1682 prae
684 1587 1012 1659 modestia
1035 1639 1052 1654 .
1078 1586 1388 1656 Ceterum
1427 1611 1567 1656 rem
1607 1611 1945 1678 aggressus
1980 1590 2263 1663 inultam

88 1727 90 1734 ·
226 1703 494 1795 etipse
553 1700 837 1795 praefert
892 1701 1406 1792 intelligentiam
1483 1702 1580 1771 rei
1642 1702 2049 1792 lapidariae.
2122 1702 2260 1772 Ubi

233 1822 600 1917 Maphejus
637 1822 830 1892 certis
869 1819 1221 1912 principiis
1257 1819 1451 1890 nixus
1489 1842 1775 1890 errorem
1814 1821 2061 1911 arguit,
2098 1844 2259 1890 cou-

88 1963 92 2050 ζ
231 1949 636 2020 sentientem
671 1941 876 2013 habet
911 1940 1346 2032 Cognolatum
1386 1941 1534 2030 (2);
1572 1940 1737 2010 alibi
1770 1963 1922 2012 vero
1956 1941 2067 2011 hic
2106 1965 2259 2012 cum

87 2055 92 2084 ²
225 2089 311 2134 eo
349 2057 803 2152 congreditur,
841 2077 1016 2123 nune
1052 2050 1228 2147 ejus,
1277 2077 1472 2145 quem
1511 2053 1775 2144 Scipio,
1812 2071 1885 2124 ut
1920 2054 2255 2144 ignotum,

231 2178 514 2273 negligit
565 2229 588 2262 ‚
645 2174 1100 2268 auctoritatem
1155 2172 1500 2244 vindicans
1554 2189 1625 2242 et
1658 2195 1997 2263 opponens
2070 2175 2178 2263 (3)
2231 2202 2249 2244 s

231 2317 411 2364 nunc
447 2313 804 2383 provocans
841 2289 929 2357 ad
965 2288 1128 2358 alias
1176 2287 1432 2356 tabulas
1471 2303 1538 2358 et
1575 2287 1709 2382 alia
1750 2313 2073 2356 marmora
2102 2291 2249 2378 (4):

229 2430 410 2478 nunc
449 2403 533 2476 ad
571 2402 844 2488 eadem,
882 2402 999 2470 sed
1037 2399 1402 2470 accuratius
1449 2425 1486 2470 a
1523 2401 1890 2468 Forcellino
1944 2401 2251 2490 explora-

231 2540 301 2595 ta
340 2526 494 2619 (5)‘3
529 2522 616 2593 ad
673 2520 1109 2614 peritissimos
1180 2515 1595 2607 antiquitatis
1648 2514 2037 2603 interpretes
2093 2516 2248 2604 (6).

227 2644 357 2713 His
409 2642 590 2711 idem
644 2639 902 2712 videtur
960 2638 1058 2713 uti
1108 2634 1679 2721 familiarissime3
1735 2632 2027 2701 maxime
2090 2656 2243 2701 vero

221 2761 468 2831 Ursato
499 2810 522 2845 ‚
575 2756 882 2828 Fabretto
917 2808 940 2840 ,
1004 2753 1504 2827 Montfauconio
1539 2806 1557 2837 ‚
1616 2750 2011 2823 Muratorio.
2058 2750 2239 2841 Quin

233 2896 388 2941 eum
445 2894 576 2941 non
630 2870 840 2941 semel
890 2866 1134 2939 refellit
1187 2868 1324 2941 suis
1361 2864 1677 2939 doctrinis
1703 2866 1848 2956 (7).
1896 2863 2110 2935 Solers
2166 2861 2239 2933 in

226 2982 532 3053 omnibus
569 2982 998 3053 examinandi
1052 2982 1344 3057 studium
1365 3032 1394 3068 ,
1426 2980 1841 3072 prudensque
1876 2976 2195 3073 iudicium
2215 3026 2235 3046 .

231 3102 313 3179 ld
365 3100 586 3171 arrisit
630 3100 988 3197 plurimum
1026 3100 1302 3169 eruditis
1326 3150 1342 3167 .

911 3303 1570 3334 „mmmmm

313 3410 412 3487 (ι)
451 3410 522 3469 In
559 3406 742 3488 praef.
780 3402 1092 3467 Forcellini
1129 3402 1316 3465 lexico
1351 3398 1659 3489 praemissa
1690 3416 1818 3485 pag.
1851 3396 1969 3463 xl.

309 3517 407 3596 (2)
445 3514 670 3575 Ibidem
697 3536 829 3597 pag.
871 3514 1020 3577 XV,

307 3619 404 3699 (3)
443 3616 668 3679 Ibidem
706 3638 840 3701 pag.
875 3614 1119 3681 XXW.
1391 3652 1398 3661 ·

309 3728 406 3805 (4)
442 3724 594 3797 lbid,
623 3746 754 3808 pag.
794 3726 969 3787 XIII.
1013 3725 1163 3790 XV.
1200 3722 1378 3788 XVI.

312 3828 407 3908 (5)
448 3827 600 3891 Ibid.
639 3848 772 3913 pag.
809 3828 1026 3897 XVII.

312 3934 409 4017 (6)
447 3934 602 3997 lbid.

307 4036 406 4129 ,(7)
445 4034 597 4099 Ihid.
637 4038 988 4190 pag-3115.
1029 4050 1088 4101 et
1127 4034 1268 4103 alibi
1287 4076 1306 4099 .
