3125 4975
1065 323 1342 416 &esaum
1387 328 1751 390 ammons
2226 307 2371 397 363

337 441 423 532 de
461 452 926 550 propagatione
961 453 1386 540 scientiarum
1449 452 1769 542 plurimos
1808 477 2013 524 annos
2062 467 2213 544 post
2258 433 2365 526 re-

338 575 604 647 novavit
641 571 1106 645 Verulamius.
1119 572 1272 640 'Hoc
1294 570 1677 671 adexamen
1718 589 2023 657 revocat,
2052 591 2145 644 et·
2151 575 2371 648 utilis-2

333 689 524 762 simis
563 682 1256 770 animadversionibus
1278 677 1418 752 reni
1437 681 1763 762 illustrat.
1788 683 1957 754 Mox
1992 688 2373 788 aggi-editum

337 809 422 878 ad
459 831 622 897 opus
656 805 787 874 sibi
823 801 1226 895 propositum
1250 853 1273 888 ,
1309 801 1483 892 quod
1508 800 1810 882 tribuit
1792 825 1861 870 m
1902 802 2029 876 tria
2080 806 2369 880 volumi-

338 943 465 990 na.
503 919 639 990 Et
622 943 694 988 m
731 919 944 1008 primo
973 913 1294 1007 quidem,
1333 914 1508 1004 quod
1555 904 1770 1010 edidit
1814 917 2383 1004 ann.1780‚di··

339 1039 621 1129 ligenter
645 1035 1278 1130 quaerit,quautum
1318 1033 1464 1104 itali
1506 1016 1791 1150 galliene
1829 1033 2177 1124 scriptores
2212 1057 2375 1104 cou-

347 1157 616 1228 tulerint
633 1157 716 1230 ad
740 1154 1258 1250 progressionem
1293 1152 1660 1220 litterarum
1694 1165 1887 1240 atque
1912 1153 2377 1226 scientiarum.

345 1269 424 1339 In
465 1270 674 1338 altero
723 1289 876 1336 vero
915 1266 1182 1337 disserit
1235 1265 1318 1334 de
1375 1263 1738 1335 oratoribus
1816 1263 1961 1342 allis
1982 1317 2006 1350 ,
2043 1289 2083 1336 a
2138 1265 2384 1356 quibus

347 1387 762 1460 laudationes
803 1382 1210 1474 conscriptae
1237 1431 1254 1452 .
1293 1383 1643 1472 Quaedam
1678 1269 1949 1500 inQer
1992 1383 2204 1474 elogia
2259 1409 2381 1457 ex.

351 1503 586 1594 pendit
631 1518 934 1571 contexta
973 1501 1058 1572 ab
1095 1502 1316 1586 italis,
1365 1518 1504 1572 tum
1545 1500 1913 1606 versionem
1952 1500 2185 1573 italam
2234 1527 2385 1574 ora·

357 1622 612 1690 tionum
638 1620 1110 1690 Demosthenis
1146 1645 1184 1700 a
1221 1621 1589 1689 clarissimo
1614 1617 1957 1722 Cesarjxtto
1982 1617 2345 1703 confectam
2366 1669 2389 1703 ,

359 1753 427 1806 et
465 1735 633 1808 vitas
675 1733 1038 1818 Plutarchi,
1067 1733 1436 1822 parallelas
1492 1735 1660 1805 italo
1696 1728 2003 1828 sermone
2056 1734 2393 1824 expositas

361 1853 447 1923 ab
502 1847 904 1943 Hieronymo
940 1853 1217 1945 Pompei
1259 1881 1282 1942 3
1331 1869 1406 1924 ut
1462 1832 1783 1946 apparea't
1802 1905 1827 1940 ‚
1866 1853 2015 1945 quis
2071 1853 2395 1925 oratoriae

351 1971 517 2040 artis
554 1995 930 2062 progressus
967 1971 1058 2042 sit
1083 2021 1102 2040 .

449 2091 765 2160 Ostendit
821 2091 1115 2168 tamdem
1173 2091 1408 2176 tertio,
1469 2097 1785 2183 quantam
1826 2089 2044 2161 Gallis
2100 2107 2169 2162 et
2203 2093 2395 2164 Italis

355 2200 716 2269 debeamus
751 2201 1166 2292 antiquitatis
1187 2203 1498 2293 no‘titiam'
1515 2256 1532 2272 .
1567 2207 1691 2273 Per
1712 2203 1835 2271 hos
1872 2203 2055 2272 enim
2088 2201 2397 2276 novimus

369 2317 580 2386 multo
600 2369 620 2400 ,
656 2339 855 2406 quam
895 2333 1088 2386 antea
1117 2367 1136 2400 ,
1167 2318 1406 2388 elarius
1429 2367 1450 2403 ,
1476 2345 1603 2409 qua
1642 2320 1986 2408 regiminis
2026 2319 2233 2393 forma
2257 2339 2398 2395 ute-

367 2446 590 2503 rentur
625 2427 789 2499 olim
827 2428 1128 2521 AEgyptii
1169 2443 1236 2497 et
1273 2430 1510 2501 Graeci
1531 2483 1552 2516 ,
1582 2416 1739 2521 prae
1778 2427 2393 2508 ceteris'Athenien-
2452 2426 2456 2430 ’

369 2568 472 2615 ses
495 2596 510 2611 .
539 2543 799 2634 Quibus
837 2542 1118 2613 minime
1155 2544 1629 2633 comparandos
1650 2542 1931 2612 affirmat
1952 2544 2121 2611 viros
2160 2549 2402 2618 aetatis

367 2680 628 2733 nostrae
665 2660 1009 2752 politicos,
1059 2662 1527 2753 philosophos,
1578 2660 2105 2755 jurisconsultos.
2162 2664 2401 2757 Neque

372 2776 554 2845 enim
593 2773 721 2843 fuit
768 2774 914 2845 istis
953 2776 1218 2866 cognita
1253 2776 1284 2866 (
1323 2791 1398 2844 ut
1431 2775 1547 2847 ille
1585 2774 1875 2867 judicat)
1915 2772 2155 2843 intima
2190 2798 2405 2853 roma-

366 2912 598 2959 narum
627 2888 845 2981 legum
875 2886 1128 2959 indoles
1165 2912 1242 2958 ac
1281 2888 1384 2957 vis
1412 2916 1435 2976 3
1463 2889 1571 2958 cui
1608 2884 2081 2977 intelligendae
2114 2886 2403 2963 multum

370 3003 736 3073 inserviunt
757 3054 778 3089 ‚
817 3026 984 3093 quae
1020 3003 1090 3072 in
1145 3002 1332 3073 libris
1394 3001 1478 3073 de
1531 3001 1877 3093 republica
1910 2999 2099 3067 Plato
2146 2997 2349 3069 tradit
2376 3048 2403 3087 ,

378 3118 464 3189 ab
503 3120 608 3189 his
647 3121 982 3211 neglecta.
2412 3104 2415 3109 ¹

475 3234 966 3303 Animadvertit
1025 3256 1282 3325 quoque
1343 3233 1729 3317 Bartholus‚
1768 3246 2106 3326 quantum
2132 3231 2405 3320 Celtae,

386 3346 603 3433 Galli,
633 3349 936 3435 Etrusci,
964 3349 1162 3434 Indi,
1194 3350 1441 3441 aliique
1471 3348 1698 3441 populi
1734 3346 2075 3437 regiminis
2112 3370 2406 3417 morum-

386 3487 514 3556 que
575 3466 940 3537 doctrinam
995 3466 1442 3563 promoverint
1473 3520 1498 3555 ‚
1552 3482 1623 3536 et
1658 3462 2091 3535 eruditionem
2145 3465 2407 3557 lingua..

385 3606 532 3653 rum
559 3637 574 3653 .
619 3584 746 3658 His
801 3584 1011 3673 adde,
1064 3609 1232 3679 quae
1271 3584 1524 3657 ibidem
1561 3583 1765 3655 habet
1814 3582 1899 3653 de
1952 3583 2177 3675 poesi,
2216 3604 2409 3673 prae-

389 3686 638 3796 sertim
675 3700 1074 3789 dramatica,
1134 3702 1219 3773 de
1265 3701 1484 3776 civilis
1546 3700 1931 3795 prudentiae
1968 3700 2287 3785 scientia,
2340 3714 2411 3769 et

391 3810 546 3883 aliis
585 3811 997 3909 hujusmodi,
1058 3838 1226 3909 quae
1279 3814 1809 3887 dissertationem
1860 3814 2069 3907 ipsius
2120 3812 2411 3889 efficiunt

389 3932 728 4007 maximae
763 3934 1110 4024 utilitatis,
1147 3933 1611 4031 maximaeque
1642 3932 2085 4030 praestantiae
2111 3982 2131 4001 .
