3125 4975
832 335 963 413 {Bo
1707 340 1876 393 vru
1963 357 1983 377 ·

829 482 1099 561 vinum,
1137 471 1309 543 unde
1348 468 1780 553 discesserat,
1829 461 2276 535 Seminarium
2314 482 2690 556 revocatur,
2737 466 2885 542 iro.

826 594 1205 671 nestissimo
1242 585 1576 679 stipendio
1621 582 1990 674 proposito.
2031 581 2496 655 Intermissum
2541 585 2681 680 jam
2716 592 2877 679 pri-

829 717 984 787 dem
1024 734 1185 801 opus
1224 702 1580 795 resumpsit
1615 700 1844 770 Idibus
1883 700 2133 790 Aprilis
2160 725 2317 771 ann,
2359 704 2526 795 1731
2553 722 2871 789 ,strenue

702 851 717 865 ·
826 831 1247 927 progrediens
1284 848 1487 915 usque
1525 822 1610 893 ad
1649 844 1799 888 ann.
1848 818 2041 912 1742.
2081 820 2259 890 Tum
2297 822 2680 912 confessarii
2717 822 2871 894 cle..

824 956 1109 1029 ricomm
1162 968 1401 1014 novum
1464 938 1712 1031 pariter
1743 953 1810 1007 et
1841 938 2303 1029 gravissimum
2341 961 2506 1010 onus
2545 940 2866 1029 subiens,

824 1087 1063 1137 novem
1102 1058 1308 1131 ferme
1344 1078 1549 1124 annos
1591 1051 1784 1142 'quasi
1831 1050 2102 1119 claudus
2142 1054 2171 1142 (
2202 1069 2276 1120 ut
2313 1052 2458 1142 ipse
2505 1068 2781 1125 testatur
2827 1058 2859 1145 )

822 1196 894 1251 et
945 1172 1223 1245 subinde
1277 1166 1591 1237 insistens
1643 1160 2006 1253 processit,
2051 1185 2202 1230 cum
2255 1160 2392 1232 fere
2427 1164 2721 1254 quotidie
2764 1164 2856 1235 ab

826 1317 1023 1389 opere
1058 1289 1143 1361 ad
1174 1287 1305 1358 alia
1331 1282 1583 1377 agenda
1619 1295 2034 1349 avocaretur.
2085 1280 2240 1350 Jam
2279 1304 2436 1349 vero
2477 1306 2626 1349 ann.
2676 1283 2844 1371 1751

827 1416 1011 1510 jussu
1046 1404 1421 1481 Cardinalis
1458 1397 1803 1471 nezzonici
1839 1398 2134 1489 episcopi
2177 1400 2470 1490 patavini
2507 1398 2740 1469 eodem
2773 1399 2860 1472 il-

826 1532 896 1608 ln
928 1512 1197 1602 munere
1232 1516 1964 1608 liberatus,.pristinum
2001 1541 2262 1587 cursum
2300 1519 2546 1605 tenuit3
2585 1541 2663 1587 ae
2693 1534 2860 1589 tam-

830 1650 1023 1732 dem,
1058 1648 1205 1715 Deo
1262 1639 1557 1721 favente,
1606 1636 2038 1728 quadriennio
2093 1638 2354 1707 circiter
2404 1652 2592 1725 post,
2633 1636 2700 1707 V
2746 1634 2854 1705 ni..

830 1762 1075 1837 mirum
1112 1756 1267 1825 Idus
1318 1751 1568 1841 Aprilis
1607 1772 1759 1817 ann.
1825 1748 2000 1840 1755
2055 1748 2382 1839 egregium
2423 1770 2585 1835 opus
2643 1747 2856 1817 omni..

827 1900 915 1952 no
951 1870 1229 1943 absolvit
1265 1892 1413 1937 eum
1454 1864 1648 1933 laude
1685 1888 1978 1951 summa,
2022 1888 2140 1933 nee
2179 1884 2486 1959 umquam
2527 1862 2702 1951 apud
2737 1885 2860 1952 po-

836 2010 1042 2069 steros
1091 1987 1376 2056 desitura
1408 1984 1515 2075 (1)
1539 2034 1556 2055 .
2454 1969 2474 1981 ’

920 2100 1051 2195 Qui
1090 2124 1229 2169 rem
1268 2094 1817 2182 consideraverit,
1853 2112 1927 2166 ut
1964 2118 2080 2187 par
2131 2108 2270 2179 est,
2301 2090 2362 2161 is
2398 2090 2590 2182 plane
2635 2090 2846 2159 intel.

828 2220 1034 2315 liget,
1072 2243 1181 2289 me
1220 2216 1385 2286 nihil
1426 2216 1507 2285 ad
1568 2216 1846 2308 gratiam
1899 2212 2296 2307 confingere,
2341 2209 2516 2279 nihil
2559 2230 2847 2300 exagge-

824 2358 1010 2409 rare.
1050 2330 1297 2423 Quanti
1334 2330 1514 2399 enim
1573 2354 1702 2397 non
1741 2328 1956 2398 dicam
1998 2325 2242 2396 laboris
2283 2324 2536 2409 solum,
2573 2322 2690 2391 sed
2735 2322 2843 2390 in..

826 2449 1006 2548 genii
1060 2446 1263 2520 etiam
1320 2460 1513 2536 atque
1567 2440 1870 2512 solertiae
1927 2438 2055 2510 fuit
2089 2438 2162 2510 id
2199 2436 2554 2530 perficere?
2605 2436 2850 2505 Consu-

826 2567 1008 2642 leudi
1064 2583 1249 2636 erant
1280 2579 1367 2632 ·et
1424 2557 1842 2650 expendendi
1891 2557 2148 2626 seilicet
2187 2571 2280 2624 tot
2317 2570 2651 2638 auctores,
2705 2573 2861 2620 eon-

824 2679 1078 2754 ferendi
1116 2701 1339 2748 secum
1383 2691 1477 2744 tot
1528 2671 1786 2763 lapides
1849 2694 1926 2740 ae
1981 2669 2412 2754 numismata,
2449 2685 2521 2738 et
2555 2665 2736 2760 eujus
2771 2663 2846 2732 fi.

831 2795 982 2878 dei,
1006 2809 1197 2861 notae
1218 2842 1235 2874 ,
1269 2805 1336 2858 et
1363 2785 1770 2856 auctoritatis
1809 2799 2030 2852 essent
2065 2782 2322 2874 singula
2345 2834 2365 2867 ,
2387 2781 2846 2874 judicandum.

834 2905 1105 2998 Singula
1140 2902 1479 2999 explorare
1526 2897 1844 2973 voeabula
1881 2919 2149 2966 neeesse
2191 2895 2316 2966 fuit
2365 2896 2506 2968 sive
2559 2891 2854 2994 propria,

1520 3086 2180 3119 mmmmmmw!

912 3235 1011 3316 (1)
1052 3235 1181 3299 Hoc
1218 3233 1480 3294 Lea-icon
1520 3233 1698 3293 totius
1737 3231 2056 3290 latinitatis
2097 3224 2266 3308 typis·
2289 3222 2595 3286 seminarii
2631 3215 2850 3304 patavi·

830 3342 897 3410 ni
937 3341 1151 3404 editum
1186 3341 1295 3405 suit
1333 3363 1466 3404 ann.
1536 3361 1720 3420 1771,
1761 3349 1820 3398 et
1859 3334 2244 3398 eruditissima
2281 3329 2634 3414 praefatione
2685 3343 2852 3390 orna·-

833 3459 953 3510 tum
990 3467 1023 3504 a
1058 3443 1333 3530 Cajetano
1374 3442 1694 3525 Cognolato
1733 3455 1870 3506 tune
1908 3439 1972 3503 in
2023 3435 2224 3498 eodem
2263 3431 2580 3502 seminario
2637 3424 2858 3490 studio-

837 3567 963 3616 rum
997 3548 1533 3632 praefecto,iterum
1556 3565 1693 3609 vero
1727 3542 1941 3603 editum
1971 3540 2080 3600 fuit
2117 3557 2268 3608 anne
2309 3534 2488 3600 1805.
2511 3533 2604 3600 De
2643 3527 2859 3590 hoco·-

838 3675 973 3744 pere
1009 3655 1090 3716 ita
1126 3655 1514 3720 Clementinus
1552 3651 1909 3720 Vannetius,
1938 3647 2000 3716 in
2041 3645 2286 3733 quadam
2323 3637 2562 3734 epistola
2597 3631 2672 3694 ad
2717 3630 2859 3694 Ale·

834 3758 1113 3826 :andrum
1141 3761 1449 3840 Georgium
1472 3783 1486 3821 :
1509 3759 1737 3820 Novum
1773 3759 2093 3818 Forcellini
2119 3753 2346 3824 Δεξικόη
2358 3747 2584 3831 judicio
2609 3742 2856 3800 omnium

842 3871 1087 3934 excellit
1108 3905 1127 3927 .
1146 3863 1301 3928 Vide
1330 3862 1497 3922 etiam
1532 3859 1916 3942 ephemeridas
1947 3853 2280 3919 florentinas
2311 3873 2440 3912 ann.
2483 3853 2633 3930 ¹774
2663 3843 2862 3925 11.48.,

724 4005 731 4014 .
846 3985 905 4042 8²
942 3966 1389 4044 mediolanenses
1434 3982 1566 4024 ann.
1615 3969 1764 4054 1774
1797 3981 1860 4032 n,
1905 3959 2000 4025 25·
