3125 4975
945 409 952 432 ι
1083 397 1382 446 soumis
1421 393 1675 444 omn:
2272 380 2401 470 241

375 510 436 584 is
496 525 730 602 sponte
785 511 1063 601 flagrans
1133 511 1241 580 his
1295 511 1585 580 stimulis
1613 523 1617 526 ’
1645 497 2101 582 vehementius
2154 517 2405 586 exarsit

379 631 744 721 cupiditate
781 628 1119 698 discendi.
1159 607 1314 697 Hac.
1339 627 1653 696 incitatus
1682 679 1702 711 ,
1749 625 2187 698 bibliothecas
2206 683 2226 715 ,
2250 631 2405 721 qui..

378 745 504 814 bus
558 745 711 815 urbs
765 743 1232 828 refertissima,
1289 741 1520 811 adibat
1556 741 1875 832 ,saepius
1926 763 2085 809 vero
2140 765 2409 813 casana·

369 879 624 934 tensem
659 863 836 933 inter
854 861 1296 933 bibliothecas
1333 861 1534 930 totius
1560 859 1797 930 Italiae
1833 858 2169 950 principes
2207 837 2433 932 valdo⁸

365 980 734 1050 celebrem.

453 1097 719 1169 Accidit
755 1121 873 1190 per
905 1097 1073 1167 haec
1109 1114 1408 1185 tempora
1431 1147 1452 1180 ‚
1490 1111 1567 1163 ut
1602 1093 1783 1164 idem
1821 1093 2133 1164 Clemens
2170 1093 2399 1186 digni-

360 1211 483 1282 tati
522 1213 820 1282 animum
861 1233 1089 1300 parem
1131 1231 1363 1299 gerens
1401 1209 1713 1276 eamdem
1751 1207 2019 1300 jusserit
2063 1210 2131 1278 in
2180 1208 2397 1302 majo-

359 1349 504 1395 rem
561 1325 1052 1416 longitudinem
1113 1323 1665 1412 splendoremque
1700 1323 1995 1390 restitui.
2044 1321 2217 1392 'Tum
2255 1325 2396 1394 solo

352 1440 626 1534 aequari·
662 1437 964 1507 aedificia
1003 1433 1338 1526 quaedam
1364 1435 1809 1506 minervitano
1830 1436 2149 1506 coenobio
2172 1441 2387 1527 proxi-

353 1581 506 1641 ma,
559 1556 645 1626 ad
703 1555 1002 1647 augenda
1059 1554 1356 1646 ingentia
1412 1552 1595 1622 illius
1628 1553 2077 1623 bibliothecae
2132 1556 2350 1644 spatia
2370 1609 2387 1624 .

352 1674 480 1746 His
527 1661 921 1744 fossionibus
959 1673 1294 1742 detectum
1333 1695 1624 1741 marmor
1667 1672 1835 1741 Isidi
1873 1659 2131 1740 saci-um
2152 1724 2173 1757 ,
2212 1672 2389 1765 quod

341 1791 758 1883 praeferebat
792 1791 1014 1889 figuris
1055 1791 1370 1862 distincta
1408 1791 1905 1892 elegantissime
1951 1805 2231 1881 quatuor
2281 1792 2385 1860 la·

341 1923 518 1980 tera.
554 1909 635 1978 Id
673 1908 1162 1998 contemplatus
1193 1909 1480 1979 Joannes
1519 1906 1828 1996 exposuit
1864 1907 2155 1976 breviter
2208 1931 2381 1997 quae

339 2023 616 2092 sentiret
644 2073 660 2090 .
701 2025 795 2092 At
845 2039 1110 2114 rogatus
1147 2045 1188 2094 a
1240 2021 1754 2112 sapientissimis
1794 2020 2087 2110 patribus
2126 2019 2381 2090 biblio-

346 2139 582 2208 thecae
601 2135 950 2228 praefectis
977 2140 1379 2211 sententiam
1411 2164 1597 2209 suam
1622 2137 1929 2208 uberiore
1952 2161 2253 2208 sermone
2276 2161 2385 2207 ex-

337 2251 578 2341 piicuit
597 2300 614 2318 .
653 2247 766 2318 Sic
801 2248 1024 2317 oblata
1059 2250 1280 2318 eidem
1314 2251 1573 2320 occasio
1607 2250 1736 2320 fuit
1772 2273 1929 2322 snae
1983 2252 2374 2321 eruditionis

337 2359 719 2451 prodendae
754 2360 1066 2446 opusculo
1097 2360 1218 2426 illo
1237 2411 1258 2444 ‚
1296 2361 1472 2449 quod
1506 2354 1757 2429 R'omae
1789 2363 2035 2451 prodiit
2054 2365 2161 2453 (ι)
2192 2363 2377 2432 dica-

334 2490 480 2547 tum
516 2473 590 2543 F.
629 2470 965 2543 Antonino
993 2469 1249 2543 Cloebe
1268 2524 1292 2561 ‚
1345 2472 1544 2543 totius
1586 2471 2045 2543 dominicanae
2080 2472 2377 2545 familiae

339 2587 673 2683 generali.

421 2710 510 2777 Et
568 2706 786 2781 multa
834 2722 904 2778 et
961 2706 1148 2777 varia
1200 2707 1272 2777 in
1321 2704 1518 2801 hujus
1555 2705 1802 2797 lapidis
1856 2704 2371 2795 explicationem

331 2824 532 2896 Oliva
570 2848 656 2895 ex
693 2824 920 2898 abdita
952 2826 1346 2919 antiquitate
1384 2826 1751 2919 congessit.
1780 2828 1949 2897 Rem
1981 2840 2185 2895 totam
2226 2849 2367 2916 per-

327 2940 489 3013 fecit
539 2943 776 3037 exiguo
813 2945 1028 3037 spatio
1079 2947 1439 3038 temporis,
1473 2964 1546 3016 et
1580 2946 1908 3037 vulgavit.
1949 2943 2111 3038 Eius
2148 2944 2363 3036 operis

322 3059 682 3131 honorifica
727 3066 981 3134 mentio
1039 3066 1112 3134 fit
1165 3065 1252 3135 ab
1295 3066 1797 3157 ephemeridem
1842 3065 1940 3134 rei
1996 3064 2361 3134 litterariae

333 3172 759 3260 scriptoribus
809 3176 922 3264 (2)
968 3228 984 3245 .
1041 3178 1148 3246 De
1203 3178 1435 3246 eodem
1476 3176 1749 3247 effusius
1784 3176 2025 3247 eruditi
2080 3176 2359 3268 lipsien-

324 3304 470 3367 ses,
507 3306 782 3373 quorum
820 3286 1067 3377 judicio
1105 3289 1479 3359 exhibitum
1507 3314 1657 3358 ann.
1695 3310 1887 3381 1720.
1927 3292 2145 3359 Immo
2180 3290 2358 3382 ejus-
2392 3359 2399 3367 ,

328 3398 484 3473 dem
535 3400 730 3495 quasi
767 3426 1098 3477 summam
1137 3406 1525 3495 conficiunt,
1573 3424 1643 3477 et
1677 3430 1828 3477 cam
1864 3425 2233 3501 proponunt
2270 3408 2359 3480 10-

1025 3638 1683 3673 mmmmm

398 3780 498 3860 (ι)
541 3777 724 3863 Apud
759 3779 1096 3843 Salvionum
1131 3782 1546 3867 typographum
1584 3782 1911 3850 vaticanum
1958 3786 2025 3847 in
2059 3786 2341 3871 Archigy-

308 3882 532 3963 passio
569 3882 896 3974 Sapientiae
933 3904 1286 3966 ann.1719.

389 3990 494 4077 (α)
532 3988 808 4057 Giornals
847 3990 946 4147 dig
975 3992 1224 4057 lettetati
1261 3990 1320 4059 d’
1327 3994 1498 4059 Italia
1535 3996 1717 4061 Tema
1751 3993 2014 4061 xxxn
2038 4016 2168 4077 pag.
2192 3998 2331 4063 562.

860 4097 892 4147 ι
