3125 4975
309 450 608 527 alumnos
646 441 1001 519 seminarii
1040 442 1271 535 gratis.
1312 442 1392 514 Id
1428 458 1568 513 erat
1606 445 1902 518 maximo
1935 450 2338 525 incitamen-

308 591 377 647 to
418 586 485 641 et
522 567 679 639 aliis
720 565 805 635 ad
840 562 1339 657 percipiendam
1376 563 1678 635 certatim
1720 566 1954 636 eadem
1995 570 2344 646 documen-

306 706 375 763 ta
412 690 521 783 (ι)
552 740 569 757 .
608 683 925 759 Timebat
948 705 1115 755 ⁶vero
1150 682 1576 754 vehementer
1613 684 2026 773 cardinalis,
2054 712 2140 759 ne
2187 718 2345 765 non-

305 810 469 881 nulli
518 804 635 901 qui
675 828 765 881 ex
802 798 1163 881 seminarii
1198 798 1481 897 profecti
1538 817 1724 875 erant
1771 802 2124 899 disciplina
2148 860 2171 893 ‚
2229 836 2341 882 sa-

311 925 605 999 cerdotio
632 922 769 1017 jam
805 918 1116 1018 insigniti
1142 916 1323 987 domi
1356 940 1513 986 suae
1534 918 1833 992 viverent
1852 920 1924 991 in
1955 922 2090 993 otio
2115 978 2132 993 .
2168 928 2342 1015 Qua..

307 1064 377 1110 re
415 1036 883 1113 dioecesanum
924 1030 1295 1123 quemlibet
1330 1031 1740 1104 sacerdotem.
1771 1033 1856 1103 ad
1893 1034 2339 1111 Seminarium

309 1151 595 1227 invitare
640 1162 1057 1241 peramanter
1104 1143 1329 1232 coepit
1350 1194 1372 1227 2
1408 1143 1666 1218 ibidem
1712 1170 2092 1221 mansurum
2121 1204 2144 1237 ,
2181 1152 2342 1223 dum

314 1269 537 1340 eidem
576 1286 937 1355 congruum
980 1258 1325 1329 offerretur
1360 1280 1602 1333 munus
1635 1261 1742 1350 (2)
1773 1313 1792 1334 .
1839 1264 2062 1355 thue
2107 1288 2337 1337 omnes

312 1384 619 1457 alliceret
684 1376 949 1449 facilius
972 1424 999 1469 2
1042 1372 1255 1441 edixit
1310 1370 1465 1439 illos
1532 1388 1884 1463 exceptum
1927 1376 2010 1449 iri
2056 1378 2338 1450 lautiore

314 1518 557 1567 mensa
580 1544 605 1579 ‚
634 1487 947 1569 mediocri
980 1486 1305 1581 persoluto
1338 1486 1543 1560 annui
1579 1488 1918 1561 convictus
1951 1492 2166 1585 pretio
2195 1494 2300 1585 (3)
2321 1545 2342 1563 .

319 1616 579 1687 Verum
614 1608 989 1699 intelligens
1008 1658 1030 1691 ,
1068 1628 1153 1676 ne
1214 1604 1287 1678 id
1322 1604 1596 1699 quidem
1639 1606 1960 1699 praestari.
1997 1631 2190 1701 posse
2251 1610 2340 1679 ab

322 1730 623 1803 omnibus
645 1782 671 1815 ‚
707 1726 981 1797 cuilibet
1016 1725 1129 1796 hic
1168 1741 1399 1821 patere
1434 1723 1646 1795 voluit
1682 1723 1812 1794 duo
1845 1726 2232 1815 gymnasia,
2269 1727 2346 1797 in

318 1870 587 1939 quorum
627 1843 840 1921 altero·
856 1840 1227 1918 litteratura
1266 1835 1535 1927 politior
1575 1838 1942 1925 traderetur
1968 1894 1988 1926 ‚
2027 1839 2098 1909 in
2139 1843 2354 1915 altero

318 1985 565 2033 morum
628 1954 961 2048 theologia
1024 1952 1136 2044 (4)
1166 2004 1183 2031 2
1223 1952 1333 2022 Ad
1370 1952 1541 2023 alios
1571 1954 1777 2031 etiam
1831 1957 2124 2053 porrexit
2160 1942 2346 2031 idem

316 2102 465 2156 snae
500 2076 745 2155 mentis
772 2098 995 2145 curas.
1018 2074 1171 2143 Huc
1210 2070 1421 2151 semel
1457 2072 1810 2173 quotannis
1834 2075 2185 2149 convenire
2211 2080 2344 2167 ius-

314 2214 491 2269 serat
518 2200 849 2292 Foraneos
884 2212 1175 2291 quosque
1215 2188 1523 2262 Vicarios
1549 2241 1571 2278 ,
1609 2208 1686 2261 ut
1721 2192 1822 2263 sui
1861 2174 1992 2264 sibi
2050 2198 2346 2269 muneris

317 2316 647 2386 rationem
704 2310 1051 2388 redderent
1078 2361 1099 2393 ,
1164 2326 1232 2386 et
1294 2332 1450 2379 suae
1517 2311 1798 2402 quisque
1853 2314 2137 2403 regionis
2203 2332 2348 2389 cta-

323 2446 465 2509 mm
504 2426 947 2519 explicarent..
984 2422 1187 2514 quue
1224 2422 1612 2506 decreverat,
1641 2448 1722 2500 eo
1759 2426 1966 2506 etiam
2025 2429 2349 2512 consilio,

318 2564 393 2618 ut
422 2571 657 2624 omnes
704 2542 1145 2624 Seminarium
1205 2561 1746 2635 recognoscerent
1805 2546 1994 2636 quasi
2043 2563 2347 2618 centrum

319 2665 521 2737 totius
580 2664 901 2736 dioecesis
924 2714 948 2743 2
978 2665 1079 2736 Ea
1137 2661 1249 2732 die
1306 2663 1529 2736 alebat
1564 2664 1860 2757 singulos
1893 2665 2031 2736 suis
2083 2664 2356 2758 impert-¹

316 2787 410 2856 sis
448 2785 603 2878 (5).
636 2788 885 2864 Lacum
922 2781 1219 2860 tamdem
1254 2779 1329 2858 in
1365 2781 1738 2863 seminario
1772 2801 2089 2857 statuerat
2111 2787 2144 2877 (
2159 2787 2356 2858 Asc&

312 2905 559 2976 teriwn
603 2903 778 2974 hunc
814 2900 1243 2994 appellabant
1279 2901 1356 2992 ),
1386 2928 1517 2996 quo
1554 2919 1892 2998 tamquam
1920 2907 2000 2976 in
2039 2902 2352 2978 solitarii..

310 3049 467 3095 nem
506 3047 581 3094 se
616 3024 989 3114 reciperent
1025 3023 1395 3094 sacerdotes
1416 3049 1622 3116 ‚quos
1647 3027 1926 3097 invitare
1965 3024 2223 3097 solebat
2255 3023 2353 3099 ad.

311 3138 711 3208 audiendam
746 3161 978 3216 vocem
1016 3137 1295 3209 Domini
1332 3139 1664 3240 loquentis
1701 3141 1787 3212 ad
1823 3165 1936 3212 cor
1971 3141 2080 3234 (6)
2109 3193 2128 3213 .

391 3365 430 3442 s
434 3363 501 3438 1)
538 3361 675 3424 Act.
714 3365 917 3425 Beatif.
954 3363 1045 3434 Τ,
1080 3363 1193 3426 IV.
1233 3364 1512 3426 Summar.
1552 3385 1683 3448 pag.
1736 3385 1867 3446 107.

388 3465 497 3544 (α’)
540 3461 699 3526 Vide
734 3464 1011 3540 Librum,
1035 3464 1199 3545 cuius
1240 3466 1441 3526 titulus
1484 3480 1604 3528 est:
1633 3466 1884 3536 Lettere
1922 3467 2213 3548 pastorali
2234 3465 2346 3528 det

312 3567 503 3630 θαι-ἆ.
542 3554 837 3647 Gregorio
870 3572 1207 3650 Buram-rgo.
1238 3593 1371 3655 pag.
1413 3571 1509 3634 55.
1552 3584 1612 3633 et
1659 3573 1790 3642 103,

391 3675 497 3752 (3)
544 3677 673 3736 Act.
718 3678 925 3738 Beatif.
969 3679 1057 3746 T,
1096 3681 1206 3744 IV.
1248 3681 1526 3744 summan
1570 3683 1865 3764 pag.3oo.

385 3777 497 3855 (4)
538 3777 791 3841 Cor-dara
826 3779 893 3844 in
929 3781 1053 3846 vita
1090 3779 1281 3870 ejusd2
1312 3785 1478 3852 Beati
1516 3785 1584 3844 P.
1627 3785 1678 3844 1.
1719 3803 1777 3854 c.,
1819 3789 1919 3860 146

384 3879 499 3958 (5)
540 3881 686 3944 Ibid.

378 3989 487 4076 (6)
528 3989 663 4055 Aet.
701 3990 913 4055 Beafif.
950 3993 1039 4059 Τ.
1078 3995 1160 4059 Π.
1196 3995 1477 4063 Sunmar.
1512 4013 1650 4081 pag·
1691 4006 1826 4082 197⁸·
