3125 4975
2194 357 2337 403 xm

297 508 428 578 que
475 476 843 562 subtilius3
885 470 1052 564 quid
1095 467 1316 561 aptius
1373 467 1457 537 ad
1513 464 2003 557 corripiendum
2044 468 2335 539 Thraso-

301 626 454 674 nem
511 596 878 691 quemdam
920 588 1270 660 terrificum
1307 587 1847 657 insolentissimis
1878 586 2106 695 ‘verbis
2144 612 2217 657 se
2256 614 2327 659 se

297 718 734 803 efferentem5
759 710 926 803 quid
961 710 1046 779 de
1085 704 1525 777 aemulatione
1557 704 1847 795 pulcrius
1886 721 2081 795 atque
2120 708 2337 795 splen-

303 835 570 923 didi-1⁵3
613 834 696 904 de
733 847 915 900 casta
945 844 1014 897 et
1051 823 1569 897 incontaminata
1606 823 1827 912 poesi,
1860 823 1951 893 de
1986 825 2341 897 flexanima

305 952 728 1045 eloquentia,
763 948 848 1018 de
890 968 1052 1039 pace
1103 943 1368 1036 populis
1425 941 1878 1031 optatissima,
1919 943 2129 1053 deque
2187 944 2339 1015 aliis

307 1069 695 1163 permultis,
734 1088 903 1163 quae
925 1118 948 1151 ‚
985 1062 1100 1133 ubi
1140 1061 1408 1154 publice
1442 1059 1915 1145 recitabantur,
1942 1076 2190 1131 tantam
2230 1086 2339 1153 0¹.-

303 1184 608 1255 citabant
644 1178 1152 1251 admirationem
1173 1228 1194 1261 ,
1229 1190 1306 1245 ut
1343 1173 1695 1243 invaluerit
1730 1174 1905 1262 apud
1943 1174 2115 1243 viros
2164 1176 2339 1249 litte-

305 1302 678 1375 ratissimos
715 1322 847 1367 vox
873 1298 1046 1367 haee
1070 1322 1086 1364 z
1109 1289 1404 1361 Ferrarii
1431 1288 1689 1359 iambos
1704 1314 1734 1370 ,⁰
1762 1313 1841 1359 eo
1872 1289 2075 1363 ferme
2102 1297 2335 1382 modo,

301 1444 440 1511 quo
498 1416 772 1487 Nioben
827 1411 1184 1481 Praxitelis
1213 1461 1234 1494 ,
1285 1408 1615 1479 Helenam
1681 1408 1921 1477 Zeuxis
1954 1463 1975 1496 ,
2030 1411 2337 1484 Canovae

311 1530 638 1621 Psychen
691 1528 912 1595 dicere
947 1522 1226 1593 solemus
1262 1520 1344 1591 ad
1379 1520 1785 1613 singularem
1822 1522 2039 1612 operis
2078 1528 2341 1613 prae-li..

320 1648 710 1719 nationem.-

411 1759 646 1849 Neque
683 1779 837 1827 vero
873 1754 1456 1847 praetermittenda
1510 1768 1612 1821 est
1650 1752 1791 1847 ejus
1829 1754 2221 1845 simplicitas
2280 1772 2348 1826 et

307 1878 522 1971 gratia
577 1874 862 1945 Phaedri
903 1874 1273 1965 elegantiae
1311 1872 1574 1941 aemula
1630 1895 1709 1941 ac
1749 1896 1955 1962 paene
2013 1896 2169 1963 par,
2213 1900 2345 1943 mo-

309 2020 456 2066 rum
499 1994 712 2064 fictrix
735 2048 756 2081 ,
793 1993 1042 2065 blanda
1096 1992 1276 2063 vitae
1329 1992 1683 2081 magistra,
1724 1993 1976 2063 sincera
2030 1996 2341 2067 vitiorum

303 2112 764 2199 emendatrix,
823 2136 954 2203 qua
1005 2110 1292 2197 bestiis,
1339 2110 1754 2197 volucribus,
1798 2112 1900 2179 vel
1940 2113 2345 2201 agrestibus„

314 2248 430 2302 aut
475 2230 902 2316 domesticis,
938 2231 1068 2300 etsi
1105 2230 1446 2327 linguatae
1481 2231 1735 2299 ratione
1772 2232 2151 2321 expertibus
2173 2287 2191 2317 ,
2244 2234 2346 2301 lo-

311 2344 612 2433 quendi,
633 2343 944 2421 monendi
965 2394 985 2429 ,
1021 2340 1340 2433 arguendi,
1373 2340 1721 2429 hominum
1752 2366 1933 2411 more
1966 2341 2345 2429 facultatem
2423 2396 2433 2401 „

331 2452 598 2523 tribuit.
633 2454 716 2524 In
757 2474 888 2542 quo
923 2453 1244 2522 scribendi
1281 2476 1552 2548 genere,
1592 2454 1769 2546 quod
1804 2479 1883 2525 eo
1922 2456 2133 2546 magis
2168 2456 2347 2528 diffi-

326 2568 462 2638 cile
479 2620 502 2653 ,
533 2591 662 2658 quo
697 2567 848 2656 plus
887 2565 1245 2652 familiare,
1271 2584 1346 2636 ut
1377 2569 1671 2658 perbelle
1708 2567 1961 2657 jocatur
1996 2585 2064 2636 et
2099 2570 2349 2642 utiliter

317 2683 470 2766 ficte
525 2679 862 2774 inductis,
913 2695 984 2750 et
1038 2679 1108 2750 in
1158 2697 1512 2770 conspectu
1569 2677 1805 2769 positis
1859 2678 2349 2766 animantibus,

317 2817 492 2886 quae
548 2793 708 2864 dum
767 2793 943 2864 inter
1001 2817 1074 2862 se
1141 2793 1548 2866 amicissime
1604 2791 2058 2886 colloquuntur
2117 2793 2223 2862 vel
2270 2792 2357 2862 ad

321 2910 602 2982 fontium
643 2934 720 2980 ac
758 2911 1104 2982 fluminum
1139 2936 1334 2998 oras,
1386 2915 1495 2984 vel
1537 2913 1609 2984 in
1650 2912 1823 3004 agris
1863 2927 1977 2982 aut
2032 2912 2101 2982 in
2155 2914 2353 2983 salti-

319 3030 486 3114 bus,
526 3031 814 3122 gaudent
859 3031 1196 3104 hilaritate
1249 3033 1533 3123 quadam
1592 3049 1661 3102 et
1710 3032 1895 3125 joco,
1932 3029 2129 3100 velut
2173 3033 2351 3102 ludi-

323 3141 528 3214 bundi
571 3162 866 3230 actores),
914 3145 1219 3214 -vividam
1273 3169 1538 3215 scenam
1580 3145 1947 3234 patefacere
1999 3145 2083 3216 ad
2136 3169 2351 3216 mores

332 3260 739 3352 corrigendos
796 3265 1403 3351 accommodatam,
1443 3266 1658 3333 varias
1696 3287 2003 3354 personas
2040 3262 2351 3349 induere,

331 3373 648 3442 humanas
687 3375 976 3446 actiones
1015 3394 1084 3446 et
1137 3377 1536 3468 cupiditates
1592 3377 1883 3462 imitari,
1930 3401 2057 3468 qua
2112 3377 2353 3448 referre

329 3483 677 3555 bominum
716 3491 1160 3559 temeritatem
1185 3507 1254 3560 et
1281 3487 1829 3580 imprudentiam,
1860 3515 1991 3582 qua
2022 3493 2351 3562 malitiam

326 3604 428 3673 vel
465 3604 814 3676 audaciam
851 3609 1222 3698 exprimere
1242 3609 1272 3697 ξ
1302 3635 1472 3682 nunc
1512 3609 1991 3693 continentiae,
2046 3631 2355 3680 mansue-

303 3716 570 3788 ·tudinis
593 3769 618 3801 ,
673 3741 848 3786 nunc
905 3721 1349 3808 constantiae,
1406 3721 1791 3813 prudentiae
1820 3774 1841 3807 ‚
1888 3720 2357 3792 moderationis

323 3831 632 3921 exempla
669 3847 740 3900 et
778 3831 1172 3904 documenta
1211 3835 1611 3926 proponere!
1654 3834 1880 3907 Sentio
1920 3857 2073 3917 vos,
2103 3836 2357 3906 audito·
2429 3824 2435 3831 ’

323 3965 460 4034 12³,
509 3945 654 4040 jam
711 3947 1088 4094 imeliiffeffi
1143 3976 1253 4026 me
1307 3952 1487 4048 loqui
1545 3951 1629 4026 de
1672 3952 1758 4056 iis
1812 3949 2141 4044 apologis,
2190 3971 2355 4040 quos
