3125 4975
839 322 976 412 378
1069 399 1078 404 ,
1704 338 1873 390 vrrs

829 464 1202 534 admodum
1242 464 1310 532 in
1349 485 1426 532 eo
1495 460 1770 530 mirarer
1793 513 1811 545 ,
1846 461 1907 530 si
1944 457 2179 532 fuisset
2218 462 2323 532 vel
2370 463 2637 536 infimae
2674 487 2877 540 uotae

835 582 1186 664 medicus,
1219 579 1326 648 vel
1361 579 1458 648 rei
1495 578 1895 648 domesticae
1935 577 2299 648 laborasset
2334 583 2673 672 angustia.
2732 587 2875 656 Sed

847 716 1068 768 tantae
1123 697 1562 788 praestantiae
1622 695 1833 766 virum
1853 748 1875 780 ,
1912 695 2023 788 qui
2066 697 2274 768 vitam
2314 697 2495 770 domi
2546 725 2702 772 suae
2742 729 2869 793 po-

840 813 1074 880 tuisset
1110 809 1532 900 tranquillam
1589 825 1657 878 ct
1710 809 2007 899 quietam
2072 833 2303 900 agere,
2342 815 2675 901 quaslibet
2732 817 2867 886 sihi

842 929 1232 999 interdicere
1286 929 1651 1016 voluptates
1703 928 1809 996 vel
1864 927 2405 1014 honestissimae,
2446 949 2515 1000 et
2566 933 2874 1022 improbo

837 1043 1064 1114 labore
1099 1041 1350 1134 frangi,
1371 1058 1440 1112 ut
1467 1040 1957 1131 aegrotantibus
1999 1061 2259 1130 praesto
2282 1062 2495 1132 esset,
2517 1048 2875 1138 aliquando

847 1161 1059 1247 tenui,
1108 1186 1236 1230 non
1275 1185 1420 1230 raro
1475 1161 1677 1230 etiam
1740 1159 1919 1228 nulla
1974 1162 2275 1233 mercede
2316 1164 2691 1256 proposita,
2744 1167 2875 1238 hcc

839 1279 1181 1350 enimvero
1215 1295 1358 1362 est,
1397 1279 1571 1368 quod
1608 1301 1727 1370 ego
1766 1279 2189 1348 vehementer
2226 1281 2463 1352 miror.

933 1403 1107 1470 Tam
1145 1401 1338 1490 longo
1377 1399 1601 1488 itaque
1640 1415 1709 1466 et
1744 1399 2007 1468 assiduo
2048 1400 2355 1472 medendi
2396 1427 2515 1472 usu
2572 1422 2870 1474 evaserat

843 1517 1005 1586 artis
1043 1514 1342 1584 medicae
1375 1511 1859 1604 peritissimus3
1896 1511 2061 1580 adeo
2102 1528 2175 1580 ut
2235 1514 2341 1584 vel
2376 1513 2595 1604 primo
2632 1517 2873 1606 adspe-

841 1651 952 1702 ctu
976 1685 997 1718 ,
1035 1628 1593 1724 quemadmodum
1650 1645 1847 1698 antea
1904 1629 2237 1715 diximus,
2282 1631 2367 1698 de
2408 1631 2629 1701 morbi
2688 1635 2869 1704 exitu

843 1771 976 1816 non
1015 1764 1266 1816 temere
1303 1744 1663 1836 judicaret.
1702 1745 1781 1812 In
1819 1765 1946 1832 quo
2000 1741 2057 1809 si
2102 1743 2247 1832 quis
2300 1767 2451 1812 eum
2508 1745 2861 1833 reprehen-

841 1866 981 1948 dit,
1036 1861 1210 1952 quod
1265 1856 1583 1927 erraverit
1647 1855 2039 1946 aliquando,
2080 1857 2139 1926 is
2178 1858 2705 1946 animadvertat,
2756 1861 2867 1932 ha·-

847 1977 990 2048 beri
1031 1999 1160 2049 non
1199 1997 1388 2067 posse
1429 1973 1502 2042 in
1557 1972 1663 2042 his
1714 1971 2155 2042 evidentiam.
2198 1976 2360 2044 Fore
2400 1974 2659 2068 ajebat,
2698 1978 2869 2067 quod

844 2095 1229 2187 plerumque
1285 2091 1583 2162 accidere
1640 2091 1949 2160 diuturna
2004 2092 2413 2182 experientia
2450 2109 2518 2162 et
2570 2115 2863 2166 accurata

843 2211 1206 2281 didicerat.
1245 2211 1444 2280 Certe
1483 2213 1541 2284 is
1590 2227 1731 2279 erat
1768 2199 2075 2278 omnibus
2116 2233 2351 2302 magno
2390 2211 2459 2278 in
2514 2213 2870 2302 pretio,vi-

837 2329 932 2398 ris
969 2329 1170 2400 etiam
1211 2329 1504 2398 doctrina
1541 2329 1777 2398 ceteris
1818 2328 2161 2398 nobilitate
2200 2353 2277 2398 ac
2323 2330 2650 2420 dignitate
2683 2356 2857 2422 prae-

838 2441 1210 2514 stantibus.
1270 2445 1431 2513 Fere
1485 2465 1683 2511 nemo
1740 2441 1824 2511 iis
1880 2441 1951 2510 in
2010 2440 2498 2532 regionibus,ac
2556 2444 2855 2515 finitimis

839 2556 1260 2647 aegrotabat,
1303 2555 1416 2647 qui
1455 2580 1607 2623 eum
1644 2579 1773 2623 non
1826 2570 2221 2639 arcesseret,
2253 2554 2367 2625 ubi
2431 2572 2685 2645 posset,
2725 2580 2857 2628 non

839 2670 1246 2752 consuleret,
1271 2691 1346 2735 ac
1373 2682 1581 2735 totum
1622 2690 1693 2735 se
1728 2690 1857 2735 non
1882 2668 2326 2739 committeret
2356 2668 2537 2739 illius
2568 2668 2859 2739 arbitrio.

935 2791 1028 2858 At
1071 2787 1208 2855 illis
1261 2784 1500 2853 finibus
1552 2784 1874 2853 contineri
1932 2809 2060 2855 uon
2098 2803 2353 2875 poterat
2388 2786 2529 2881 ejus
2583 2810 2817 2856 nomen
2840 2839 2855 2855 .

839 2908 920 2977 In
977 2906 1119 2972 loca
1175 2901 1404 2971 dissita
1443 2904 1853 2991 penetravit,
1910 2903 2369 2975 nobilissimas
2424 2905 2625 2975 etiam
2667 2904 2853 2977 urbes

841 3036 912 3089 et
963 3020 1248 3091 eruditas
1283 3021 1567 3108 pervasit
1589 3072 1606 3090 .
1644 3022 2007 3093 Ferrariam
2050 3024 2121 3091 in
2158 3025 2431 3115 primis,
2466 3027 2815 3097 Mantuam
2842 3078 2867 3109 ,

841 3136 1248 3221 Bononiam,
1287 3135 1629 3205 Patavium
1651 3187 1668 3205 .
1720 3136 1830 3207 Ad
1874 3160 1985 3208 eas
2024 3156 2289 3208 vocatus
2327 3140 2607 3209 accessit
2642 3140 2859 3230 (quod

835 3255 1078 3327 Joanni
1133 3254 1476 3325 Francisco
1526 3255 1717 3325 valde
1770 3256 2243 3349 honorificum)
2286 3283 2433 3327 cum
2471 3257 2633 3328 iliae
2670 3258 2867 3329 abun-

841 3372 1003 3441 dent
1040 3372 1316 3441 medicis
1355 3372 1975 3463 praestantissimis.
2028 3377 2105 3445 In
2164 3390 2343 3444 tanto
2399 3399 2589 3466 porro
2644 3376 2863 3445 docto-

837 3506 984 3553 rum
1048 3485 1329 3555 virorum
1389 3486 1640 3557 lumine
1678 3487 1775 3558 sic
1830 3487 1945 3557 ille
1981 3511 2051 3555 se
2091 3488 2332 3579 gessit,
2372 3504 2443 3557 ut
2504 3488 2862 3569 reddiderit

837 3628 913 3674 ce
949 3602 1420 3693 spectabilem,
1455 3623 1528 3675 et
1576 3604 1827 3677 famam
1882 3607 2177 3677 auxerit.
2232 3607 2427 3695 Quod
2475 3630 2677 3697 quam
2734 3604 2863 3677 dif-

829 3718 1058 3793 ficile!
1093 3718 1318 3789 Refert
1351 3721 1735 3792 Plutarchus
1766 3724 1873 3815 (1)
1894 3723 2161 3793 solitum
2200 3722 2401 3801 fuisse
2454 3722 2675 3795 dicere
2708 3726 2865 3795 Me-

1537 3894 2027 3922 mfflmm
2034 3894 2197 3920 mm

924 3972 1030 4059 (ι)
1069 3974 1168 4039 De
1203 3973 1498 4043 auditione
1517 4018 1540 4040 .
