3125 4975
849 360 950 410 so.
993 355 1362 408 ramnum
1396 357 1817 430 sentiens:
2187 341 2323 415 333

303 505 459 553 ceor
478 536 496 569 ,
519 481 584 552 si
621 479 894 552 illorum
927 482 1226 553 rationes
1262 505 1450 552 secus
1481 482 1767 552 suadere
1802 479 2151 554 videantur
2172 485 2323 576 (ι).

305 596 770 666 Abstinentiae
817 615 1040 665 autem
1079 597 1258 666 illius
1316 596 1439 666 hoc
1492 594 1783 685 locuples
1826 597 2273 666 testimonium
2302 646 2321 670 .

307 718 400 784 Ut
439 715 1020 786 indiscriminatim
1061 714 1388 784 ferebatur
1425 715 1508 782 ad
1547 737 1817 798 omnes,
1856 715 1953 783 ita
2002 715 2323 806 quidquid

307 828 438 918 ipsi
482 832 622 898 loeo
659 827 982 898 mercedis
1020 828 1288 910 darent,
1323 825 1693 917 accipiebat
1730 825 1847 894 ille
1872 879 1889 908 ,
1923 827 2077 915 quin
2120 828 2189 896 id
2230 828 2329 894 in-

310 946 590 1033 spiceret
629 969 710 1014 ex
757 946 1264 1027 consuetudine,
1317 944 1615 1034 qualibet
1666 943 2005 1013 oblatione
2052 961 2325 1013 conten-o

311 1077 415 1126 tus
439 1111 453 1125 .
498 1060 688 1128 Unde
727 1059 1078 1150 aliquando
1115 1061 1391 1149 contigit
1438 1057 2047 1149 (quemadmodum
2096 1081 2329 1126 narra-

315 1173 410 1240 vit
448 1173 590 1262 ipse
627 1173 976 1242 subridens
1001 1173 1158 1262 ),ut
1191 1172 1412 1240 nescio
1448 1173 1597 1262 quis
1636 1172 1973 1242 hominem
1998 1150 2325 1244 dimiserit

311 1284 518 1352 tribus
559 1284 768 1354 obolis
798 1336 813 1352 .
854 1287 997 1354 Usu
1035 1301 1256 1351 tamen
1297 1283 1609 1351 medendi
1650 1284 1911 1352 assiduo
1962 1285 2325 1374 plurimum

309 1404 494 1470 auxit
535 1427 672 1470 rem
712 1403 1142 1470 domesticam
1168 1452 1184 1469 .
1225 1402 1476 1470 Habuit
1511 1425 1769 1492 quoque
1808 1402 2101 1492 praedia.
2143 1404 2327 1472 Haeo

313 1513 822 1582 administrabat
858 1513 974 1582 ille
1014 1535 1132 1604 per
1165 1514 1456 1582 villicum
1480 1565 1500 1599 ,
1526 1536 1675 1583 cum
1714 1515 1859 1604 ipse
1895 1539 2023 1584 non
2062 1532 2325 1606 posset,

312 1632 621 1700 continua
661 1655 874 1700 rerum
915 1634 1340 1722 occupatione
1379 1633 1730 1720 distentus,
1771 1633 1855 1701 ab
1892 1632 1980 1724 iis
2016 1633 2327 1703 litteratis

313 1749 706 1833 abhorrens,
745 1750 854 1840 qui
897 1772 1011 1820 sua
1051 1751 1574 1840 sinunt‘pessum
1614 1753 1747 1820 ire.

405 1867 556 1935 Non
613 1867 763 1936 ideo
821 1882 1040 1936 tamen
1080 1868 1298 1936 studia
1336 1867 1691 1938 intermisit
1732 1889 2084 1958 umquam.
2136 1867 2322 1934 Inter·

309 1983 489 2072 ipsas
537 1983 828 2053 medicas
875 1985 1334 2075 occupationes
1387 1983 1749 2054 subcisivis
1778 1985 1957 2052 horis
1994 1985 2022 2074 (
2067 2000 2139 2052 ut
2178 1983 2325 2071 ipse

312 2103 619 2189 narrat),
659 2123 737 2169 ea
776 2101 1180 2186 lucubravit,
1220 2125 1386 2193 quae
1443 2102 1735 2170 maxime
1782 2099 2113 2169 illustrant
2150 2100 2327 2194 ejus-a

311 2216 464 2282 dem
497 2239 768 2282 nomen.
801 2219 1035 2306 Neque
1067 2221 1284 2287 min‘us
1318 2221 1666 2310 diligenter
1694 2211 2001 2308 implevit
2038 2218 2325 2288 officium

308 2330 546 2420 patriS.
607 2335 826 2418 Quam
883 2333 1205 2400 sollicitus
1260 2336 1342 2402 de
1393 2338 1645 2423 optima
1692 2336 2103 2406 institutione
2152 2335 2323 2405 filio-

310 2442 616 2514 rumlUt
655 2467 802 2512 eam
853 2457 1311 2532 promoveret,
1359 2467 1571 2534 neque
1620 2445 1790 2513 curis
1836 2449 2170 2535 pepercit,
2208 2473 2326 2520 ne·-

311 2578 440 2645 que
477 2556 886 2648 sumptibus.
949 2558 1078 2624 Eos
1136 2555 1575 2625 Seminarium
1641 2556 2017 2645 patavinum
2072 2558 2327 2647 ingredi

309 2677 552 2761 voluit,
595 2692 662 2743 et
701 2674 828 2742 coli
869 2674 1050 2743 illius
1099 2674 1492 2764 disciplina.
1554 2674 1751 2745 Votis
1804 2670 2142 2762 respondit
2186 2675 2329 2743 exi-

309 2808 451 2859 tus.
509 2794 756 2858 Horum
822 2788 1025 2872 alter,
1065 2804 1137 2857 ut
1191 2788 1522 2873 diximus,
1580 2786 1979 2857 medicinam
2036 2787 2331 2855 exercuit

307 2907 614 2997 exemplo
649 2907 893 2996 patris,
936 2906 1326 2999 fungebatur
1359 2906 1525 2975 alter
1576 2908 1647 2974 in
1704 2905 1917 2997 patria
1976 2903 2142 2973 sacri
2202 2926 2325 2992 pa-

309 3022 500 3089 storis
561 3043 828 3090 munere
885 3042 1038 3089 cura
1095 3020 1388 3111 ingenti,
1427 3045 1577 3090 cum
1634 3044 1807 3089 anno
1854 3019 2019 3091 1801
2065 3016 2329 3107 publica

309 3140 689 3207 auctoritate
729 3140 1118 3229 Lugdunum
1174 3139 1244 3205 in
1285 3140 1580 3209 Galliam
1640 3164 1791 3208 cum
1842 3136 1989 3203 aliis
2030 3136 2319 3205 mittitur

311 3256 486 3324 bono
527 3256 819 3347 publico.
863 3258 1000 3325 Vix
1034 3278 1114 3325 eo
1143 3274 1558 3346 pervenerat,
1592 3280 1741 3325 cum
1780 3276 1932 3324 eum
1972 3252 2194 3322 adorta
2226 3255 2329 3325 vis

309 3374 522 3443 morbi
563 3374 861 3459 sustulit,
891 3374 1336 3443 moerentibus
1373 3374 1680 3441 omnibus
1718 3371 1954 3462 quibus
1992 3369 2321 3462 cognitus.

399 3495 634 3585 Neque
667 3494 748 3561 de
782 3494 916 3561 suis
951 3510 1202 3563 tantum
1237 3494 1388 3563 filiis
1409 3496 1697 3564 Joannes
1724 3491 2102 3561 Franciscus
2142 3512 2331 3580 prae·

309 3611 455 3679 buit
493 3637 564 3681 se
603 3612 990 3697 sollicitum,
1018 3630 1084 3682 at
1114 3616 1317 3683 etiam
1359 3614 1446 3683 de
1481 3614 1635 3682 aliis
1666 3610 1795 3681 sibi
1828 3610 2143 3681 affinitate
2174 3631 2329 3677 eon·

310 3725 590 3819 junctis.
632 3726 906 3795 Duabus
951 3726 1259 3819 neptibus
1315 3727 1536 3796 dotem
1594 3725 1835 3818 legavit
1888 3736 2323 3811 testamento,

989 3898 1645 3925 mmmmmmmm

395 3978 495 4059 (1)
542 3974 677 4039 Lib.
713 3983 768 4053 4.
813 3976 876 4035 iu
914 3976 1098 4037 Praes.
1138 3972 1214 4036 ad
1249 3973 1516 4036 lectorem
1538 4016 1554 4037 .
