3125 4975
1119 337 1395 430 sosrb‘m
1431 374 1663 428 lustru
1749 355 1755 364 ’
2258 357 2377 430 161

369 499 704 594 appellare
743 481 1071 590 optimum
1107 500 1296 592 quasi
1349 499 1680 592 quoddam
1728 495 2189 590 integerrimae
2243 525 2391 572 mo-

369 614 526 683 ralis
565 613 952 704 disciplinae
987 611 1452 705 compendium
1492 615 1640 706 (1).
1682 611 1919 704 Neque
1955 614 2169 684 solum
2200 639 2395 685 vene·

371 747 513 816 tae,
551 731 668 801 sed
713 732 919 802 etiam
959 731 1131 802 aliae
1167 729 1628 822 ephemerides
1668 727 2021 802 referentes
2076 747 2223 801 acta
2272 732 2395 802 lit,-

373 861 765 934 teratorum,
803 849 1114 918 nobiliter
1152 848 1232 918 de
1271 848 1512 918 Pasino
1552 849 1695 942 (2).

458 965 812 1038 Enimvero
865 965 998 1057 ipsi
1051 964 1404 1058 gloriosum
1445 963 1570 1034 fuit
1622 989 1664 1036 a
1700 966 2191 1058 sapientissimo
2239 988 2395 1058 rege

367 1078 732 1150 Taurinum
787 1079 1004 1152 vocari
1051 1095 1119 1148 et
1174 1077 1538 1170 promoveri
1596 1078 1683 1149 ad
1739 1080 2221 1171 amplissimam
2278 1104 2395 1150 ca·

369 1191 712 1263 thedram:
747 1192 865 1262 sed
903 1192 1111 1262 multo
1149 1190 1492 1282 gloriosius
1541 1190 1673 1260 loci
1724 1192 2121 1283 dignitatem
2175 1193 2341 1262 tueri
2366 1243 2401 1316 ἲ

367 1325 436 1376 et
472 1333 543 1378 se
580 1309 1016 1402 spectabilem
1053 1309 1325 1378 reddere
1361 1308 1436 1376 in
1473 1325 1657 1378 tanta
1712 1307 2047 1380 doctorum
2106 1310 2395 1380 virorum

369 1424 516 1495 luce
545 1477 562 1494 .
600 1429 856 1498 Notum
911 1427 1081 1498 illud
1129 1453 1147 1496 ε
1205 1423 1472 1497 Minuit
1521 1427 1903 1519 praesentia
1923 1427 2193 1516 ‘samam
2210 1453 2240 1508 ς
2280 1427 2397 1497 ille

369 1552 600 1607 contra
651 1563 804 1609 cum
858 1563 936 1610 eo
983 1539 1311 1628 venisset,
1361 1540 1668 1612 eamdem
1722 1540 1907 1610 auxit
1952 1540 2027 1610 in
2088 1541 2269 1627 dies,
2332 1553 2402 1610 et

373 1657 766 1746 ampliorem
805 1659 1125 1731 reddidit.

461 1774 634 1844 Tum
670 1797 789 1844 rex
822 1772 948 1846 sibi
983 1771 1332 1866 plaudere,
1369 1773 1544 1865 quod
1569 1797 1721 1844 eum
1746 1773 2053 1866 elegisset
2071 1826 2093 1860 ‚
2119 1788 2187 1844 et
2212 1797 2405 1844 suum

367 1885 440 1956 in
463 1887 766 1980 eligendo
797 1889 1116 1986 judicium
1151 1887 1560 1980 experientia
1590 1889 2083 1983 comprobasset
2104 1941 2119 1958 .
2151 1895 2242 1958 At
2267 1912 2397 1958 non

365 2003 468 2077 illi
507 2025 814 2097 tantum,
850 2033 1080 2082 verum
1117 2025 1186 2080 et
1221 2009 1446 2080 illius
1440 2012 1802 2082 successori
1842 2011 2081 2081 Carolo
2116 2011 2399 2080 Emma-

368 2121 546 2191 nueli
585 2121 712 2192 fuit
755 2123 1254 2214 acceptissimus
1291 2125 1544 2216 Ioseph
1580 2125 1724 2217 (5).
1759 2125 1996 2216 Neque
2024 2123 2181 2193 hinc
2210 2145 2399 2194 suam

367 2255 524 2322 erga
541 2232 734 2302 illum
762 2235 1312 2306 humanissimam
1339 2237 1741 2306 voluntatem
1761 2237 2058 2324 celabat,
2077 2237 2193 2306 sed
2220 2259 2403 2329 prae-

374 2343 630 2415 ferebat
665 2363 936 2436 aperte,
973 2363 1200 2435 aperte
1253 2349 1559 2418 eamdem
1620 2340 2069 2449 significabat,
2122 2373 2254 2420 non
2290 2375 2402 2419 so-

371 2456 514 2528 lum
545 2456 762 2531 verbis
800 2457 829 2545 (
859 2481 1136 2550 quorum
1188 2457 1383 2527 multi
1429 2457 1983 2548 liberalissimi)‘‚
2022 2460 2143 2534 sed
2194 2463 2401 2533 etiam

373 2566 616 2641 factis.
674 2574 855 2665 Opes
927 2571 1109 2642 enim
1153 2570 1226 2641 in
1262 2570 1454 2641 illum
1510 2568 1791 2639 contulit
1824 2586 1893 2639 et
1937 2570 2253 2655 honores,
2289 2573 2403 2661 qui

367 2706 530 2753 sanc
566 2710 880 2781 magnum
913 2686 1000 2758 ad
1043 2684 1300 2757 litteras
1339 2686 1849 2754 incitamentum
1871 2737 1887 2752 .
1937 2685 2163 2754 Honos
2191 2682 2404 2773 siqui-2

369 2798 525 2871 dem
572 2799 693 2871 alit
737 2818 950 2893 artes,
1000 2816 1072 2871 et
1122 2802 1252 2871 hae
1303 2799 1410 2871 vel
1455 2814 1667 2885 stant,
1714 2798 1823 2869 vel
1872 2794 2225 2869 concidunt
2252 2808 2397 2889 ‘pro

374 2918 547 3009 regis
591 2910 811 2995 vultu}

462 3032 656 3103 Anno
689 3034 913 3130 itaque
955 3032 1128 3129 1745
1165 3034 1382 3107 Nonis
1417 3033 1579 3105 Julii
1602 3087 1625 3120 ,
1672 3032 1838 3125 regii
1878 3028 2273 3105 taurinensis
2311 3027 2399 3098 A·

373 3146 636 3219 thenaei
675 3152 1118 3227 bibliothecae
1154 3178 1422 3246 praeses
1459 3170 1530 3222 et
1582 3153 1953 3222 moderator
2003 3148 2397 3220 constitutus

1051 3320 1597 3355 „0”me
1611 3320 1715 3348 m

455 3458 558 3541 (ι)
595 3456 844 3523 Novello
883 3459 1038 3521 della
1075 3462 1339 3545 repubbl.
1365 3458 1655 3523 letter-aria
1674 3503 1695 3533 ,
1734 3478 1868 3521 ann.
1916 3451 2057 3541 1'751
2104 3478 2231 3541 pag.
2258 3458 2401 3519 233:

449 3567 549 3645 (2)
591 3566 784 3629 Storia
820 3565 1110 3631 letteraria
1142 3566 1386 3630 d’Italia
1423 3610 1443 3641 ,
1481 3566 1566 3627 Τ.
1590 3564 1679 3625 111
1708 3584 1833 3649 cap.
1856 3584 1917 3647 9.
1940 3587 2002 3625 n.
2049 3570 2139 3641 ¹4·
2158 3586 2217 3647 p.
2256 3566 2397 3646 627.

451 3668 553 3745 (3)
589 3668 885 3733 Victorius
926 3666 1217 3730 Amadcus
1271 3670 1332 3729 11
1385 3666 1546 3750 regni
1584 3686 1779 3729 curam
1825 3680 2154 3751 pertaesus,
2198 3664 2399 3727 codem

371 3785 437 3834 tc
471 3766 764 3833 abdicavit
800 3772 892 3837 IV
926 3770 1082 3833 Non.
1140 3769 1831 3855 Septemhr.ann.1731
1857 3814 1881 3848 ,
1918 3768 2033 3831 sibi
2082 3766 2399 3848 subrogans

366 3870 640 3934 carolum
673 3874 1101 3941 Emmanuelem
1136 3874 1360 3940 filium.
1397 3872 1560 3943 Prid.
1602 3872 1735 3941 cah
1768 3870 2083 3942 Novembr.
2120 3888 2273 3935 anno
2306 3886 2405 3951 ⁸07

369 3990 580 4069 qucntc
616 3977 798 4043 obiit.

931 4083 964 4134 1
977 4082 1006 4132 1
