<?xml version="1.0" encoding="UTF-8"?>
<!DOCTYPE html PUBLIC "-//W3C//DTD XHTML 1.0 Transitional//EN"
    "http://www.w3.org/TR/xhtml1/DTD/xhtml1-transitional.dtd">
<html xmlns="http://www.w3.org/1999/xhtml" xml:lang="en" lang="en">
 <head>
  <title>
</title>
<meta http-equiv="Content-Type" content="text/html;charset=utf-8" />
  <meta name='ocr-system' content='tesseract 3.04.00' />
  <meta name='ocr-capabilities' content='ocr_page ocr_carea ocr_par ocr_line ocrx_word'/>
</head>
<body>
  <div class='ocr_page' id='page_1' title='image "./vitaevirorumill01melagoog_0076.png"; bbox 0 0 3125 4975; ppageno 0'>
   <div class='ocr_carea' id='block_1_1' title="bbox 2242 387 2337 467">
    <p class='ocr_par' dir='ltr' id='par_1_1' title="bbox 2242 387 2337 467">
     <span class='ocr_line' id='line_1_1' title="bbox 2242 387 2337 467; baseline 0 0"><span class='ocrx_word' id='word_1_1' title='bbox 2242 387 2337 467; x_wconf 75' lang='lat'>⁹9</span> 
     </span>
    </p>
   </div>
   <div class='ocr_carea' id='block_1_2' title="bbox 305 505 2337 3392">
    <p class='ocr_par' dir='ltr' id='par_1_2' title="bbox 309 505 2337 2223">
     <span class='ocr_line' id='line_1_2' title="bbox 317 505 2325 605; baseline -0.004 -15"><span class='ocrx_word' id='word_1_2' title='bbox 317 540 468 590; x_wconf 70' lang='lat' dir='ltr'>vero</span> <span class='ocrx_word' id='word_1_3' title='bbox 499 530 566 587; x_wconf 74' lang='lat' dir='ltr'>et</span> <span class='ocrx_word' id='word_1_4' title='bbox 615 511 770 605; x_wconf 80' lang='lat' dir='ltr'>ipse</span> <span class='ocrx_word' id='word_1_5' title='bbox 813 506 1022 581; x_wconf 88' lang='lat' dir='ltr'>coluit</span> <span class='ocrx_word' id='word_1_6' title='bbox 1079 505 1382 597; x_wconf 75' lang='lat' dir='ltr'>impense</span> <span class='ocrx_word' id='word_1_7' title='bbox 1400 556 1424 591; x_wconf 92' lang='lat'><strong><em>,</em></strong></span> <span class='ocrx_word' id='word_1_8' title='bbox 1477 521 1546 574; x_wconf 83' lang='lat' dir='ltr'>et</span> <span class='ocrx_word' id='word_1_9' title='bbox 1608 506 1939 577; x_wconf 73' lang='lat' dir='ltr'>nonnullis</span> <span class='ocrx_word' id='word_1_10' title='bbox 1992 526 2325 599; x_wconf 83' lang='lat' dir='ltr'>praeterea</span> 
     </span>
     <span class='ocr_line' id='line_1_3' title="bbox 317 622 2331 719; baseline -0.003 -12"><span class='ocrx_word' id='word_1_11' title='bbox 317 635 568 709; x_wconf 77' lang='lat' dir='ltr'>clericis</span> <span class='ocrx_word' id='word_1_12' title='bbox 625 626 994 702; x_wconf 70' lang='lat' dir='ltr'><strong>subsecivis</strong></span> <span class='ocrx_word' id='word_1_13' title='bbox 1031 624 1210 695; x_wconf 86' lang='lat' dir='ltr'>horis</span> <span class='ocrx_word' id='word_1_14' title='bbox 1247 622 1567 713; x_wconf 77' lang='lat' dir='ltr'>explicuit</span> <span class='ocrx_word' id='word_1_15' title='bbox 1604 624 1711 714; x_wconf 78' lang='grc' dir='ltr'>(ι)</span> <span class='ocrx_word' id='word_1_16' title='bbox 1732 674 1749 693; x_wconf 92' lang='grc'><strong>.</strong></span> <span class='ocrx_word' id='word_1_17' title='bbox 1796 625 1921 694; x_wconf 88' lang='lat' dir='ltr'>Per</span> <span class='ocrx_word' id='word_1_18' title='bbox 1952 625 2143 696; x_wconf 87' lang='lat' dir='ltr'>illurn</span> <span class='ocrx_word' id='word_1_19' title='bbox 2179 652 2331 719; x_wconf 85' lang='lat' dir='ltr'>geo·-</span> 
     </span>
     <span class='ocr_line' id='line_1_4' title="bbox 313 739 2329 844; baseline -0.002 -25"><span class='ocrx_word' id='word_1_20' title='bbox 313 750 622 844; x_wconf 68' lang='lat' dir='ltr'>graphiae</span> <span class='ocrx_word' id='word_1_21' title='bbox 661 747 963 819; x_wconf 67' lang='lat' dir='ltr'>additum</span> <span class='ocrx_word' id='word_1_22' title='bbox 1001 766 1242 813; x_wconf 85' lang='lat' dir='ltr'>novum</span> <span class='ocrx_word' id='word_1_23' title='bbox 1281 740 1480 811; x_wconf 81' lang='lat' dir='ltr'>decus</span> <span class='ocrx_word' id='word_1_24' title='bbox 1499 792 1519 823; x_wconf 92' lang='lat'><strong>,</strong></span> <span class='ocrx_word' id='word_1_25' title='bbox 1553 739 1796 811; x_wconf 82' lang='lat' dir='ltr'>tabulis</span> <span class='ocrx_word' id='word_1_26' title='bbox 1846 744 2013 813; x_wconf 87' lang='lat' dir='ltr'>scite</span> <span class='ocrx_word' id='word_1_27' title='bbox 2060 746 2329 837; x_wconf 84' lang='lat' dir='ltr'>incisis,</span> 
     </span>
     <span class='ocr_line' id='line_1_5' title="bbox 312 858 2333 953; baseline -0.005 -16"><span class='ocrx_word' id='word_1_28' title='bbox 312 886 380 939; x_wconf 86' lang='lat' dir='ltr'>et</span> <span class='ocrx_word' id='word_1_29' title='bbox 413 882 718 939; x_wconf 78' lang='lat' dir='ltr'>accurate</span> <span class='ocrx_word' id='word_1_30' title='bbox 755 862 1106 953; x_wconf 73' lang='lat' dir='ltr'>descriptis</span> <span class='ocrx_word' id='word_1_31' title='bbox 1123 860 1230 952; x_wconf 82' lang='lat'>(2)</span> <span class='ocrx_word' id='word_1_32' title='bbox 1252 910 1272 941; x_wconf 81' lang='grc'><strong>.</strong></span> <span class='ocrx_word' id='word_1_33' title='bbox 1307 858 1785 929; x_wconf 84' lang='lat' dir='ltr'>Humaniorum</span> <span class='ocrx_word' id='word_1_34' title='bbox 1809 860 2173 932; x_wconf 87' lang='lat' dir='ltr'>litterarum</span> <span class='ocrx_word' id='word_1_35' title='bbox 2198 864 2333 933; x_wconf 82' lang='lat' dir='ltr'>cul.</span> 
     </span>
     <span class='ocr_line' id='line_1_6' title="bbox 309 972 2327 1066; baseline -0.004 -13"><span class='ocrx_word' id='word_1_36' title='bbox 309 998 411 1052; x_wconf 82' lang='lat' dir='ltr'>tus</span> <span class='ocrx_word' id='word_1_37' title='bbox 445 999 516 1052; x_wconf 89' lang='lat' dir='ltr'>et</span> <span class='ocrx_word' id='word_1_38' title='bbox 547 980 776 1051; x_wconf 84' lang='lat' dir='ltr'>utilior</span> <span class='ocrx_word' id='word_1_39' title='bbox 810 976 1024 1047; x_wconf 79' lang='lat' dir='ltr'>evasit</span> <span class='ocrx_word' id='word_1_40' title='bbox 1059 990 1130 1043; x_wconf 86' lang='lat' dir='ltr'>et</span> <span class='ocrx_word' id='word_1_41' title='bbox 1158 972 1520 1063; x_wconf 78' lang='lat' dir='ltr'>elegantior</span> <span class='ocrx_word' id='word_1_42' title='bbox 1541 1022 1558 1041; x_wconf 89' lang='lat'><strong>.</strong></span> <span class='ocrx_word' id='word_1_43' title='bbox 1584 973 1693 1045; x_wconf 88' lang='lat' dir='ltr'>Ne</span> <span class='ocrx_word' id='word_1_44' title='bbox 1742 974 2009 1066; x_wconf 85' lang='lat' dir='ltr'>longum</span> <span class='ocrx_word' id='word_1_45' title='bbox 2048 974 2285 1045; x_wconf 72' lang='lat' dir='ltr'>faeiem</span> <span class='ocrx_word' id='word_1_46' title='bbox 2306 1034 2327 1065; x_wconf 90' lang='lat'><strong>,</strong></span> 
     </span>
     <span class='ocr_line' id='line_1_7' title="bbox 310 1086 2323 1191; baseline -0.002 -28"><span class='ocrx_word' id='word_1_47' title='bbox 310 1094 636 1191; x_wconf 72' lang='lat' dir='ltr'>graviores</span> <span class='ocrx_word' id='word_1_48' title='bbox 670 1091 1008 1187; x_wconf 78' lang='lat' dir='ltr'>quaelibet</span> <span class='ocrx_word' id='word_1_49' title='bbox 1039 1086 1434 1177; x_wconf 83' lang='lat' dir='ltr'>disciplinae</span> <span class='ocrx_word' id='word_1_50' title='bbox 1451 1137 1474 1170; x_wconf 88' lang='lat'>,</span> <span class='ocrx_word' id='word_1_51' title='bbox 1509 1108 1679 1175; x_wconf 79' lang='lat' dir='ltr'>quae</span> <span class='ocrx_word' id='word_1_52' title='bbox 1718 1087 1895 1177; x_wconf 83' lang='lat' dir='ltr'>prius</span> <span class='ocrx_word' id='word_1_53' title='bbox 1934 1112 2064 1157; x_wconf 87' lang='lat' dir='ltr'>non</span> <span class='ocrx_word' id='word_1_54' title='bbox 2100 1106 2285 1159; x_wconf 86' lang='lat' dir='ltr'>erant</span> <span class='ocrx_word' id='word_1_55' title='bbox 2299 1142 2323 1176; x_wconf 84' lang='lat'>‚</span> 
     </span>
     <span class='ocr_line' id='line_1_8' title="bbox 315 1204 2328 1292; baseline -0.004 -9"><span class='ocrx_word' id='word_1_56' title='bbox 315 1211 390 1283; x_wconf 87' lang='lat' dir='ltr'>in</span> <span class='ocrx_word' id='word_1_57' title='bbox 440 1210 882 1285; x_wconf 77' lang='lat' dir='ltr'>Seminarium</span> <span class='ocrx_word' id='word_1_58' title='bbox 929 1223 1117 1292; x_wconf 85' lang='lat' dir='ltr'>sunt,</span> <span class='ocrx_word' id='word_1_59' title='bbox 1147 1220 1410 1277; x_wconf 82' lang='lat' dir='ltr'>auctore</span> <span class='ocrx_word' id='word_1_60' title='bbox 1463 1204 1619 1289; x_wconf 89' lang='lat' dir='ltr'>illo,</span> <span class='ocrx_word' id='word_1_61' title='bbox 1656 1204 2063 1275; x_wconf 84' lang='lat' dir='ltr'>introductae</span> <span class='ocrx_word' id='word_1_62' title='bbox 2100 1206 2185 1275; x_wconf 85' lang='lat' dir='ltr'>ad</span> <span class='ocrx_word' id='word_1_63' title='bbox 2222 1230 2328 1276; x_wconf 84' lang='lat' dir='ltr'>re-</span> 
     </span>
     <span class='ocr_line' id='line_1_9' title="bbox 315 1321 2329 1421; baseline -0.003 -20"><span class='ocrx_word' id='word_1_64' title='bbox 315 1330 582 1421; x_wconf 75' lang='lat' dir='ltr'>ligionis</span> <span class='ocrx_word' id='word_1_65' title='bbox 635 1330 1116 1400; x_wconf 83' lang='lat' dir='ltr'>incrementum</span> <span class='ocrx_word' id='word_1_66' title='bbox 1171 1338 1242 1393; x_wconf 88' lang='lat' dir='ltr'>et</span> <span class='ocrx_word' id='word_1_67' title='bbox 1293 1321 1667 1391; x_wconf 85' lang='lat' dir='ltr'>animorum</span> <span class='ocrx_word' id='word_1_68' title='bbox 1724 1323 2083 1393; x_wconf 86' lang='lat' dir='ltr'>culturam.</span> <span class='ocrx_word' id='word_1_69' title='bbox 2140 1326 2329 1395; x_wconf 81' lang='lat' dir='ltr'>Unus</span> 
     </span>
     <span class='ocr_line' id='line_1_10' title="bbox 319 1424 2329 1528; baseline -0.003 -13"><span class='ocrx_word' id='word_1_70' title='bbox 319 1443 442 1515; x_wconf 85' lang='lat' dir='ltr'>ille</span> <span class='ocrx_word' id='word_1_71' title='bbox 478 1442 702 1513; x_wconf 82' lang='lat' dir='ltr'>omnia</span> <span class='ocrx_word' id='word_1_72' title='bbox 733 1438 1230 1521; x_wconf 83' lang='lat' dir='ltr'>moderabatur,</span> <span class='ocrx_word' id='word_1_73' title='bbox 1263 1424 1623 1524; x_wconf 74' lang='lat' dir='ltr'>omnesque</span> <span class='ocrx_word' id='word_1_74' title='bbox 1658 1434 1929 1528; x_wconf 78' lang='lat' dir='ltr'>jubebat</span> <span class='ocrx_word' id='word_1_75' title='bbox 1964 1439 1995 1523; x_wconf 86' lang='lat'><strong>(</strong></span> <span class='ocrx_word' id='word_1_76' title='bbox 2028 1454 2101 1507; x_wconf 88' lang='lat' dir='ltr'>ut</span> <span class='ocrx_word' id='word_1_77' title='bbox 2136 1454 2329 1509; x_wconf 85' lang='lat' dir='ltr'>antea</span> 
     </span>
     <span class='ocr_line' id='line_1_11' title="bbox 325 1550 2333 1645; baseline -0.001 -20"><span class='ocrx_word' id='word_1_78' title='bbox 325 1553 666 1644; x_wconf 79' lang='lat' dir='ltr'>diximus)</span> <span class='ocrx_word' id='word_1_79' title='bbox 703 1568 1149 1645; x_wconf 67' lang='lat' dir='ltr'>praeceptores</span> <span class='ocrx_word' id='word_1_80' title='bbox 1186 1550 1425 1640; x_wconf 85' lang='lat' dir='ltr'>pariter</span> <span class='ocrx_word' id='word_1_81' title='bbox 1479 1565 1547 1617; x_wconf 84' lang='lat' dir='ltr'>et</span> <span class='ocrx_word' id='word_1_82' title='bbox 1593 1550 1867 1621; x_wconf 79' lang='lat' dir='ltr'>clericos</span> <span class='ocrx_word' id='word_1_83' title='bbox 1886 1580 1937 1637; x_wconf 75' lang='lat'>,-</span> <span class='ocrx_word' id='word_1_84' title='bbox 1956 1566 2333 1644; x_wconf 84' lang='lat' dir='ltr'>ceterosque</span> 
     </span>
     <span class='ocr_line' id='line_1_12' title="bbox 333 1662 2331 1755; baseline -0.003 -12"><span class='ocrx_word' id='word_1_85' title='bbox 333 1666 680 1743; x_wconf 76' lang='lat' dir='ltr'>seminarii</span> <span class='ocrx_word' id='word_1_86' title='bbox 714 1666 1088 1751; x_wconf 79' lang='lat' dir='ltr'>ministros,</span> <span class='ocrx_word' id='word_1_87' title='bbox 1123 1662 1362 1737; x_wconf 85' lang='lat' dir='ltr'>iisdem</span> <span class='ocrx_word' id='word_1_88' title='bbox 1401 1662 1671 1737; x_wconf 85' lang='lat' dir='ltr'>omnino</span> <span class='ocrx_word' id='word_1_89' title='bbox 1718 1665 1971 1755; x_wconf 82' lang='lat' dir='ltr'>legibus</span> <span class='ocrx_word' id='word_1_90' title='bbox 2010 1690 2153 1735; x_wconf 85' lang='lat' dir='ltr'>esse</span> <span class='ocrx_word' id='word_1_91' title='bbox 2206 1665 2331 1739; x_wconf 58' lang='lat' dir='ltr'>obv</span> 
     </span>
     <span class='ocr_line' id='line_1_13' title="bbox 321 1776 2327 1873; baseline -0 -18"><span class='ocrx_word' id='word_1_92' title='bbox 321 1783 589 1867; x_wconf 77' lang='lat' dir='ltr'>noxios,</span> <span class='ocrx_word' id='word_1_93' title='bbox 619 1806 780 1873; x_wconf 76' lang='lat' dir='ltr'>quas</span> <span class='ocrx_word' id='word_1_94' title='bbox 813 1780 973 1851; x_wconf 85' lang='lat' dir='ltr'>olim</span> <span class='ocrx_word' id='word_1_95' title='bbox 999 1778 1066 1849; x_wconf 88' lang='lat' dir='ltr'>S.</span> <span class='ocrx_word' id='word_1_96' title='bbox 1099 1776 1374 1853; x_wconf 74' lang='lat' dir='ltr'>Carolus</span> <span class='ocrx_word' id='word_1_97' title='bbox 1413 1778 1837 1852; x_wconf 83' lang='lat' dir='ltr'>Borrotnaeus</span> <span class='ocrx_word' id='word_1_98' title='bbox 1860 1778 2247 1849; x_wconf 77' lang='lat' dir='ltr'>seminariis</span> <span class='ocrx_word' id='word_1_99' title='bbox 2282 1804 2327 1854; x_wconf 80' lang='lat' dir='ltr'>a</span> 
     </span>
     <span class='ocr_line' id='line_1_14' title="bbox 315 1894 2327 1989; baseline -0.003 -18"><span class='ocrx_word' id='word_1_100' title='bbox 315 1923 392 1971; x_wconf 80' lang='lat' dir='ltr'>se</span> <span class='ocrx_word' id='word_1_101' title='bbox 427 1900 699 1971; x_wconf 81' lang='lat' dir='ltr'>conditis</span> <span class='ocrx_word' id='word_1_102' title='bbox 751 1898 1218 1975; x_wconf 75' lang='lat' dir='ltr'>constituerat.</span> <span class='ocrx_word' id='word_1_103' title='bbox 1255 1894 1540 1973; x_wconf 83' lang='lat' dir='ltr'>Addidit</span> <span class='ocrx_word' id='word_1_104' title='bbox 1580 1913 1801 1965; x_wconf 86' lang='lat' dir='ltr'>tamen</span> <span class='ocrx_word' id='word_1_105' title='bbox 1840 1896 1983 1987; x_wconf 83' lang='lat' dir='ltr'>ipse</span> <span class='ocrx_word' id='word_1_106' title='bbox 2035 1896 2327 1989; x_wconf 68' lang='lat' dir='ltr'>peculia-</span> 
     </span>
     <span class='ocr_line' id='line_1_15' title="bbox 313 2015 2337 2109; baseline -0.001 -18"><span class='ocrx_word' id='word_1_107' title='bbox 313 2040 454 2093; x_wconf 70' lang='lat' dir='ltr'>rem</span> <span class='ocrx_word' id='word_1_108' title='bbox 505 2018 862 2109; x_wconf 78' lang='lat' dir='ltr'>quamdam</span> <span class='ocrx_word' id='word_1_109' title='bbox 909 2015 1280 2087; x_wconf 76' lang='lat' dir='ltr'>studiorum</span> <span class='ocrx_word' id='word_1_110' title='bbox 1333 2016 1757 2097; x_wconf 85' lang='lat' dir='ltr'>methodum,</span> <span class='ocrx_word' id='word_1_111' title='bbox 1794 2040 1992 2107; x_wconf 82' lang='lat' dir='ltr'>quam</span> <span class='ocrx_word' id='word_1_112' title='bbox 2040 2040 2155 2108; x_wconf 74' lang='lat' dir='ltr'>pro</span> <span class='ocrx_word' id='word_1_113' title='bbox 2210 2040 2337 2091; x_wconf 67' lang='lat' dir='ltr'>sua</span> 
     </span>
     <span class='ocr_line' id='line_1_16' title="bbox 314 2134 1825 2223; baseline -0.001 -16"><span class='ocrx_word' id='word_1_114' title='bbox 314 2134 386 2207; x_wconf 75' lang='lat' dir='ltr'>in</span> <span class='ocrx_word' id='word_1_115' title='bbox 419 2136 500 2205; x_wconf 80' lang='lat' dir='ltr'>iis</span> <span class='ocrx_word' id='word_1_116' title='bbox 535 2137 846 2207; x_wconf 79' lang='lat' dir='ltr'>omnibus</span> <span class='ocrx_word' id='word_1_117' title='bbox 881 2134 1254 2205; x_wconf 84' lang='lat' dir='ltr'>eruditione</span> <span class='ocrx_word' id='word_1_118' title='bbox 1290 2134 1825 2223; x_wconf 70' lang='lat' dir='ltr'>conscripserat.&#39;</span> 
     </span>
    </p>

    <p class='ocr_par' dir='ltr' id='par_1_3' title="bbox 305 2251 2333 3392">
     <span class='ocr_line' id='line_1_17' title="bbox 411 2251 2328 2344; baseline 0.002 -22"><span class='ocrx_word' id='word_1_119' title='bbox 411 2254 502 2322; x_wconf 77' lang='lat' dir='ltr'>At</span> <span class='ocrx_word' id='word_1_120' title='bbox 535 2252 790 2325; x_wconf 84' lang='lat' dir='ltr'>sciebat</span> <span class='ocrx_word' id='word_1_121' title='bbox 837 2252 1054 2325; x_wconf 84' lang='lat' dir='ltr'>irritas</span> <span class='ocrx_word' id='word_1_122' title='bbox 1107 2252 1288 2344; x_wconf 84' lang='lat' dir='ltr'>leges</span> <span class='ocrx_word' id='word_1_123' title='bbox 1339 2274 1520 2337; x_wconf 82' lang='lat' dir='ltr'>esse,</span> <span class='ocrx_word' id='word_1_124' title='bbox 1561 2252 1690 2320; x_wconf 84' lang='lat' dir='ltr'>nisi</span> <span class='ocrx_word' id='word_1_125' title='bbox 1728 2251 1968 2322; x_wconf 78' lang='lat' dir='ltr'>iisdem</span> <span class='ocrx_word' id='word_1_126' title='bbox 2028 2252 2328 2325; x_wconf 80' lang='lat' dir='ltr'>homines</span> 
     </span>
     <span class='ocr_line' id='line_1_18' title="bbox 323 2364 2327 2455; baseline 0.003 -20"><span class='ocrx_word' id='word_1_127' title='bbox 323 2364 1115 2455; x_wconf 76' lang='lat' dir='ltr'>obsequanturzutebatur</span> <span class='ocrx_word' id='word_1_128' title='bbox 1149 2381 1492 2455; x_wconf 83' lang='lat' dir='ltr'>propterea</span> <span class='ocrx_word' id='word_1_129' title='bbox 1532 2364 1877 2455; x_wconf 77' lang='lat' dir='ltr'>vigilantia</span> <span class='ocrx_word' id='word_1_130' title='bbox 1916 2386 1982 2437; x_wconf 92' lang='lat' dir='ltr'>et</span> <span class='ocrx_word' id='word_1_131' title='bbox 2006 2368 2327 2441; x_wconf 78' lang='lat' dir='ltr'>industria</span> 
     </span>
     <span class='ocr_line' id='line_1_19' title="bbox 325 2478 2329 2554; baseline 0 -6"><span class='ocrx_word' id='word_1_132' title='bbox 325 2503 590 2548; x_wconf 76' lang='lat' dir='ltr'>summa</span> <span class='ocrx_word' id='word_1_133' title='bbox 625 2480 1038 2552; x_wconf 71' lang='lat' dir='ltr'>anoomus</span> <span class='ocrx_word' id='word_1_134' title='bbox 1071 2480 1140 2547; x_wconf 85' lang='lat' dir='ltr'>in</span> <span class='ocrx_word' id='word_1_135' title='bbox 1181 2478 1548 2550; x_wconf 78' lang='lat' dir='ltr'>excitandis</span> <span class='ocrx_word' id='word_1_136' title='bbox 1586 2478 1889 2550; x_wconf 84' lang='lat' dir='ltr'>omnibus</span> <span class='ocrx_word' id='word_1_137' title='bbox 1927 2482 2011 2550; x_wconf 87' lang='lat' dir='ltr'>ad</span> <span class='ocrx_word' id='word_1_138' title='bbox 2049 2506 2159 2551; x_wconf 87' lang='lat' dir='ltr'>eas</span> <span class='ocrx_word' id='word_1_139' title='bbox 2195 2481 2329 2554; x_wconf 72' lang='lat' dir='ltr'>im·</span> 
     </span>
     <span class='ocr_line' id='line_1_20' title="bbox 319 2591 2333 2688; baseline 0.003 -26"><span class='ocrx_word' id='word_1_140' title='bbox 319 2591 594 2688; x_wconf 83' lang='lat' dir='ltr'>plendas</span> <span class='ocrx_word' id='word_1_141' title='bbox 619 2645 636 2660; x_wconf 91' lang='lat'><strong>.</strong></span> <span class='ocrx_word' id='word_1_142' title='bbox 679 2593 1058 2684; x_wconf 79' lang='lat' dir='ltr'>Numquam</span> <span class='ocrx_word' id='word_1_143' title='bbox 1094 2593 1178 2664; x_wconf 86' lang='lat' dir='ltr'>ab</span> <span class='ocrx_word' id='word_1_144' title='bbox 1235 2593 1320 2662; x_wconf 85' lang='lat' dir='ltr'>iis</span> <span class='ocrx_word' id='word_1_145' title='bbox 1359 2592 1711 2667; x_wconf 77' lang='lat' dir='ltr'>recedebat</span> <span class='ocrx_word' id='word_1_146' title='bbox 1734 2647 1752 2665; x_wconf 90' lang='lat'><strong>.</strong></span> <span class='ocrx_word' id='word_1_147' title='bbox 1795 2595 2041 2663; x_wconf 86' lang='lat' dir='ltr'>Aderat</span> <span class='ocrx_word' id='word_1_148' title='bbox 2076 2597 2333 2684; x_wconf 58' lang='lat' dir='ltr'>praelev</span> 
     </span>
     <span class='ocr_line' id='line_1_21' title="bbox 317 2705 2326 2799; baseline 0.001 -23"><span class='ocrx_word' id='word_1_149' title='bbox 317 2705 624 2799; x_wconf 78' lang='lat' dir='ltr'>gentibus</span> <span class='ocrx_word' id='word_1_150' title='bbox 653 2759 673 2791; x_wconf 93' lang='lat'>,</span> <span class='ocrx_word' id='word_1_151' title='bbox 710 2706 1196 2798; x_wconf 79' lang='lat' dir='ltr'>disputantibus</span> <span class='ocrx_word' id='word_1_152' title='bbox 1221 2759 1241 2793; x_wconf 89' lang='lat'><strong><em>,</em></strong></span> <span class='ocrx_word' id='word_1_153' title='bbox 1295 2705 1819 2798; x_wconf 81' lang='lat' dir='ltr'>colloquentibus</span> <span class='ocrx_word' id='word_1_154' title='bbox 1848 2759 1863 2774; x_wconf 93' lang='lat'><strong>.</strong></span> <span class='ocrx_word' id='word_1_155' title='bbox 1910 2706 2197 2776; x_wconf 87' lang='lat' dir='ltr'>Volebat</span> <span class='ocrx_word' id='word_1_156' title='bbox 2250 2731 2326 2778; x_wconf 60' lang='lat' dir='ltr'>ov</span> 
     </span>
     <span class='ocr_line' id='line_1_22' title="bbox 312 2817 2327 2914; baseline -0.003 -20"><span class='ocrx_word' id='word_1_157' title='bbox 312 2821 552 2894; x_wconf 81' lang='lat' dir='ltr'>mnino</span> <span class='ocrx_word' id='word_1_158' title='bbox 585 2817 874 2910; x_wconf 82' lang='lat' dir='ltr'>singulos</span> <span class='ocrx_word' id='word_1_159' title='bbox 911 2819 1178 2914; x_wconf 75' lang='lat' dir='ltr'>juvenes</span> <span class='ocrx_word' id='word_1_160' title='bbox 1217 2821 1300 2894; x_wconf 84' lang='lat' dir='ltr'>iis</span> <span class='ocrx_word' id='word_1_161' title='bbox 1331 2819 1548 2892; x_wconf 88' lang='lat' dir='ltr'>addici</span> <span class='ocrx_word' id='word_1_162' title='bbox 1592 2819 1838 2892; x_wconf 80' lang='lat' dir='ltr'>artibus</span> <span class='ocrx_word' id='word_1_163' title='bbox 1879 2845 1955 2890; x_wconf 91' lang='lat' dir='ltr'>ac</span> <span class='ocrx_word' id='word_1_164' title='bbox 1994 2819 2327 2906; x_wconf 84' lang='lat' dir='ltr'>scientiis,</span> 
     </span>
     <span class='ocr_line' id='line_1_23' title="bbox 307 2937 2327 3032; baseline 0.001 -25"><span class='ocrx_word' id='word_1_165' title='bbox 307 2961 490 3032; x_wconf 76' lang='lat' dir='ltr'>quae</span> <span class='ocrx_word' id='word_1_166' title='bbox 531 2937 828 3011; x_wconf 83' lang='lat' dir='ltr'>omnium</span> <span class='ocrx_word' id='word_1_167' title='bbox 867 2939 1156 3008; x_wconf 81' lang='lat' dir='ltr'>maxime</span> <span class='ocrx_word' id='word_1_168' title='bbox 1192 2961 1418 3010; x_wconf 85' lang='lat' dir='ltr'>eorum</span> <span class='ocrx_word' id='word_1_169' title='bbox 1463 2939 2107 3010; x_wconf 83' lang='lat' dir='ltr'>accommodarentur</span> <span class='ocrx_word' id='word_1_170' title='bbox 2143 2939 2327 3032; x_wconf 55' lang='lat' dir='ltr'>inge,</span> 
     </span>
     <span class='ocr_line' id='line_1_24' title="bbox 305 3049 2329 3145; baseline 0 -25"><span class='ocrx_word' id='word_1_171' title='bbox 305 3049 444 3120; x_wconf 78' lang='lat' dir='ltr'>niis</span> <span class='ocrx_word' id='word_1_172' title='bbox 454 3103 478 3138; x_wconf 93' lang='lat'><strong><em>,</em></strong></span> <span class='ocrx_word' id='word_1_173' title='bbox 497 3077 628 3145; x_wconf 85' lang='lat' dir='ltr'>quo</span> <span class='ocrx_word' id='word_1_174' title='bbox 647 3049 910 3120; x_wconf 78' lang='lat' dir='ltr'>saciiius</span> <span class='ocrx_word' id='word_1_175' title='bbox 929 3067 1196 3142; x_wconf 81' lang='lat' dir='ltr'>possent</span> <span class='ocrx_word' id='word_1_176' title='bbox 1229 3052 1301 3119; x_wconf 90' lang='lat' dir='ltr'>in</span> <span class='ocrx_word' id='word_1_177' title='bbox 1336 3052 1575 3122; x_wconf 84' lang='lat' dir='ltr'>iisdem</span> <span class='ocrx_word' id='word_1_178' title='bbox 1596 3053 1891 3145; x_wconf 82' lang='lat' dir='ltr'>progredi</span> <span class='ocrx_word' id='word_1_179' title='bbox 1916 3105 1931 3121; x_wconf 89' lang='lat'><strong>.</strong></span> <span class='ocrx_word' id='word_1_180' title='bbox 1954 3053 2097 3122; x_wconf 87' lang='lat' dir='ltr'>Nec</span> <span class='ocrx_word' id='word_1_181' title='bbox 2126 3050 2211 3121; x_wconf 93' lang='lat' dir='ltr'>iis</span> <span class='ocrx_word' id='word_1_182' title='bbox 2231 3051 2329 3125; x_wconf 72' lang='lat' dir='ltr'>in·-</span> 
     </span>
     <span class='ocr_line' id='line_1_25' title="bbox 309 3167 2329 3260; baseline 0.004 -26"><span class='ocrx_word' id='word_1_183' title='bbox 309 3167 804 3257; x_wconf 73' lang='lat' dir='ltr'>dulgebat‚ubi</span> <span class='ocrx_word' id='word_1_184' title='bbox 841 3185 1068 3239; x_wconf 90' lang='lat' dir='ltr'>contra</span> <span class='ocrx_word' id='word_1_185' title='bbox 1103 3169 1458 3239; x_wconf 83' lang='lat' dir='ltr'>sentirent..</span> <span class='ocrx_word' id='word_1_186' title='bbox 1479 3172 1617 3260; x_wconf 83' lang='lat' dir='ltr'>Ipsi</span> <span class='ocrx_word' id='word_1_187' title='bbox 1662 3171 1841 3240; x_wconf 88' lang='lat' dir='ltr'>enirn</span> <span class='ocrx_word' id='word_1_188' title='bbox 1878 3186 2091 3240; x_wconf 84' lang='lat' dir='ltr'>aetate</span> <span class='ocrx_word' id='word_1_189' title='bbox 2127 3167 2329 3244; x_wconf 81' lang='lat' dir='ltr'>simul</span> 
     </span>
     <span class='ocr_line' id='line_1_26' title="bbox 307 3279 2327 3392; baseline 0 -34"><span class='ocrx_word' id='word_1_190' title='bbox 307 3295 390 3358; x_wconf 73' lang='lat' dir='ltr'>ct</span> <span class='ocrx_word' id='word_1_191' title='bbox 426 3279 670 3379; x_wconf 78' lang='lat' dir='ltr'>judicio</span> <span class='ocrx_word' id='word_1_192' title='bbox 703 3284 984 3376; x_wconf 81' lang='lat' dir='ltr'>infirmi,</span> <span class='ocrx_word' id='word_1_193' title='bbox 1021 3287 1406 3391; x_wconf 75' lang='lat' dir='ltr'>plerumque</span> <span class='ocrx_word' id='word_1_194' title='bbox 1449 3288 1748 3379; x_wconf 83' lang='lat' dir='ltr'>speciosa</span> <span class='ocrx_word' id='word_1_195' title='bbox 1778 3289 1999 3378; x_wconf 81' lang='lat' dir='ltr'>potius</span> <span class='ocrx_word' id='word_1_196' title='bbox 2035 3287 2287 3380; x_wconf 82' lang='lat' dir='ltr'>eligunt</span> <span class='ocrx_word' id='word_1_197' title='bbox 2296 3337 2327 3392; x_wconf 68' lang='lat'><em>2</em></span> 
     </span>
    </p>
   </div>
   <div class='ocr_carea' id='block_1_3' title="bbox 1157 3521 1486 3550">
    <p class='ocr_par' dir='ltr' id='par_1_4' title="bbox 1157 3521 1486 3550">
     <span class='ocr_line' id='line_1_27' title="bbox 1157 3521 1486 3550; baseline 0 1425"><span class='ocrx_word' id='word_1_198' title='bbox 1157 3521 1486 3550; x_wconf 95' lang='lat' dir='ltr'> </span> 
     </span>
    </p>
   </div>
   <div class='ocr_carea' id='block_1_4' title="bbox 989 3518 1650 3561">
    <p class='ocr_par' dir='ltr' id='par_1_5' title="bbox 989 3518 1650 3561">
     <span class='ocr_line' id='line_1_28' title="bbox 989 3518 1650 3561; baseline 0.005 -12"><span class='ocrx_word' id='word_1_199' title='bbox 989 3523 1152 3561; x_wconf 59' lang='lat' dir='ltr'>m</span> <span class='ocrx_word' id='word_1_200' title='bbox 1487 3518 1650 3552; x_wconf 63' lang='lat' dir='ltr'>m</span> 
     </span>
    </p>
   </div>
   <div class='ocr_carea' id='block_1_5' title="bbox 324 3683 2335 3870">
    <p class='ocr_par' dir='ltr' id='par_1_6' title="bbox 308 3683 2335 3870">
     <span class='ocr_line' id='line_1_29' title="bbox 393 3683 2335 3772; baseline 0.006 -11.455"><span class='ocrx_word' id='word_1_201' title='bbox 393 3684 497 3762; x_wconf 69' lang='grc' dir='ltr'>(ι)</span> <span class='ocrx_word' id='word_1_202' title='bbox 541 3683 746 3748; x_wconf 79' lang='lat' dir='ltr'>Riech.</span> <span class='ocrx_word' id='word_1_203' title='bbox 785 3683 912 3755; x_wconf 65' lang='lat'>1090</span> <span class='ocrx_word' id='word_1_204' title='bbox 941 3685 1044 3750; x_wconf 75' lang='lat' dir='ltr'>cit.</span> <span class='ocrx_word' id='word_1_205' title='bbox 1073 3687 1210 3762; x_wconf 66' lang='lat' dir='ltr'>Aet.</span> <span class='ocrx_word' id='word_1_206' title='bbox 1248 3686 1456 3759; x_wconf 76' lang='lat' dir='ltr'>Beatif</span> <span class='ocrx_word' id='word_1_207' title='bbox 1492 3687 1580 3761; x_wconf 82' lang='grc' dir='ltr'><strong>Τ</strong></span> <span class='ocrx_word' id='word_1_208' title='bbox 1600 3687 1681 3756; x_wconf 90' lang='lat'>11</span> <span class='ocrx_word' id='word_1_209' title='bbox 1676 3726 1678 3728; x_wconf 88' lang='lat'><em>-</em></span> <span class='ocrx_word' id='word_1_210' title='bbox 1722 3687 2007 3750; x_wconf 71' lang='lat' dir='ltr'>summar·</span> <span class='ocrx_word' id='word_1_211' title='bbox 2042 3702 2174 3772; x_wconf 66' lang='lat' dir='ltr'>1³·ss-</span> <span class='ocrx_word' id='word_1_212' title='bbox 2194 3692 2335 3772; x_wconf 60' lang='lat'><em>&#39;²073</em></span> 
     </span>
     <span class='ocr_line' id='line_1_30' title="bbox 324 3778 927 3870; baseline 0.003 -21"><span class='ocrx_word' id='word_1_213' title='bbox 324 3778 927 3870; x_wconf 60' lang='lat' dir='ltr'>&#39;I&#39;.·V1.psg.523.</span> 
     </span>
    </p>
   </div>
   <div class='ocr_carea' id='block_1_6' title="bbox 297 3881 2329 4125">
    <p class='ocr_par' dir='ltr' id='par_1_7' title="bbox 297 3881 2329 4086">
     <span class='ocr_line' id='line_1_31' title="bbox 403 3881 2329 3982; baseline 0.011 -37"><span class='ocrx_word' id='word_1_214' title='bbox 403 3888 504 3963; x_wconf 84' lang='lat'>(2)</span> <span class='ocrx_word' id='word_1_215' title='bbox 540 3889 692 3952; x_wconf 81' lang='lat' dir='ltr'>Ihid.</span> <span class='ocrx_word' id='word_1_216' title='bbox 733 3893 820 3952; x_wconf 88' lang='lat' dir='ltr'>T.</span> <span class='ocrx_word' id='word_1_217' title='bbox 861 3894 936 3953; x_wconf 89' lang='lat'>11.</span> <span class='ocrx_word' id='word_1_218' title='bbox 979 3893 1258 3957; x_wconf 76' lang='lat' dir='ltr'>Summar.</span> <span class='ocrx_word' id='word_1_219' title='bbox 1293 3915 1425 3978; x_wconf 79' lang='lat' dir='ltr'>pag.</span> <span class='ocrx_word' id='word_1_220' title='bbox 1467 3915 1607 3982; x_wconf 69' lang='lat'>2⁰7·</span> <span class='ocrx_word' id='word_1_221' title='bbox 1652 3894 1881 3961; x_wconf 76' lang='lat' dir='ltr'>sebast.</span> <span class='ocrx_word' id='word_1_222' title='bbox 1918 3881 2329 3966; x_wconf 61' lang='lat' dir='ltr'>Melcbioliub</span> 
     </span>
     <span class='ocr_line' id='line_1_32' title="bbox 297 3985 1503 4125; baseline 0.009 -75"><span class='ocrx_word' id='word_1_223' title='bbox 297 3985 502 4068; x_wconf 67' lang='lat' dir='ltr'>,Ae-id.</span> <span class='ocrx_word' id='word_1_224' title='bbox 539 3991 609 4054; x_wconf 80' lang='lat' dir='ltr'>in</span> <span class='ocrx_word' id='word_1_225' title='bbox 641 3993 768 4056; x_wconf 76' lang='lat' dir='ltr'>fim.</span> <span class='ocrx_word' id='word_1_226' title='bbox 811 3994 1000 4078; x_wconf 74' lang='lat' dir='ltr'>ejusd.</span> <span class='ocrx_word' id='word_1_227' title='bbox 1035 4001 1198 4125; x_wconf 68' lang='lat' dir='ltr'>‚Beati</span> <span class='ocrx_word' id='word_1_228' title='bbox 1232 4019 1363 4086; x_wconf 76' lang='lat' dir='ltr'>pag.</span> <span class='ocrx_word' id='word_1_229' title='bbox 1401 4019 1503 4068; x_wconf 83' lang='lat'>20</span> 
     </span>
    </p>
   </div>
   <div class='ocr_carea' id='block_1_7' title="bbox 3122 2938 3125 3525">
    <p class='ocr_par' dir='ltr' id='par_1_8' title="bbox 3122 2938 3125 3525">
     <span class='ocr_line' id='line_1_33' title="bbox 3122 2938 3125 3525; baseline 0 0"><span class='ocrx_word' id='word_1_230' title='bbox 3122 2938 3125 3525; x_wconf 95' lang='lat' dir='ltr'> </span> 
     </span>
    </p>
   </div>
  </div>
 </body>
</html>
