3125 4975
691 286 821 363 126
1625 288 1798 353 inu-A

673 444 821 503 tens
854 424 1188 513 obtinuit,
1228 423 1491 495 decreto
1530 422 2194 497 honorificentissimo
2217 478 2242 512 ,
2281 436 2542 499 servato
2593 428 2722 507 sti..

672 548 922 641 pendio
972 562 1110 616 toto
1148 598 1171 632 ,
1214 568 1347 614 una
1394 568 1547 614 cum
1584 545 2122 614 immunitatibus
2175 560 2246 615 et
2289 547 2726 643 collegiorum

678 666 1037 741 honoribus
1062 700 1083 750 ς
1109 665 1305 735 titulo
1334 662 1563 735 addito
1601 660 1990 757 professoris
2025 664 2291 737 emeriti
2319 702 2338 734 a
2378 667 2532 739 Non
2572 670 2728 743 ideo

684 800 911 857 tamen
950 782 1209 861 destitit
1248 808 1288 853 a
1327 782 1593 853 labores

780 900 1066 969 Exstant
1100 896 1285 969 enim
1321 906 1389 965 et
1426 896 1561 965 alia
1599 877 1885 985 plur-ima
1921 894 2008 965 ab
2043 890 2282 967 eodem
2317 883 2502 967 edita
2525 900 2734 971 sAni-

679 1012 1171 1083 madversiones
1204 1010 1475 1081 criticae·
1514 1009 1588 1078 in
1625 1007 1886 1102 lexicon
1918 1010 2192 1079 Danetii
2223 1010 2312 1081 ad
2341 1026 2533 1085 usum·
2563 1015 2722 1085 Del-

678 1126 869 1221 'phiui
909 1180 933 1217 ,
964 1124 1237 1201 Viatica
1276 1125 1647 1217 theologica
1683 1126 1752 1194 X
1775 1175 1798 1209 ,
1837 1125 2007 1197 Vita
2039 1124 2202 1199 Jesu
2237 1124 2488 1199 Christi
2520 1174 2544 1216 ,
2577 1133 2734 1203 Ma·

687 1248 828 1319 riae
862 1244 1139 1332 matris,
1172 1258 1242 1319 et
1278 1244 1345 1317 S.
1372 1238 1648 1315 Antonii
1696 1242 1992 1333 patavini
2033 1238 2242 1317 latina
2277 1259 2346 1317 et
2383 1247 2542 1319 itala
2569 1272 2589 1338 3
2621 1252 2725 1319 La

692 1364 875 1455 sf'era
909 1390 947 1435 e
962 1380 971 1392 ‘
980 1362 1325 1457 geografia
1358 1356 1431 1433 in
1468 1356 1861 1453 compendio
1903 1389 2028 1454 per·
2061 1354 2128 1435 le
2163 1363 2388 1439 scuole
2422 1363 2536 1439 dei
2565 1364 2726 1453 san-

688 1480 884 1553 ciuili
899 1508 929 1565 ,-
959 1485 1045 1554 de
1082 1483 1221 1553 vita
1260 1500 1329 1553 et
1360 1480 1525 1556 actis
1560 1480 1816 1553 Christi
1851 1481 2218 1557 secundum
2246 1496 2586 1579 utramque
2621 1512 2726 1581 ge-

684 1602 1095 1673 nerationem
1124 1600 1424 1673 divinam
1464 1616 1534 1670 et
1572 1600 1934 1673 humanam
1957 1614 2078 1691 3et
2113 1598 2278 1691 alia,
2307 1630 2586 1697 quorum
2624 1609 2724 1679 in·
2755 1658 2764 1671 .

691 1718 914 1791 dicem
952 1720 1243 1791 exhibeo
1280 1735 1431 1811 post
1467 1718 1721 1789 exitum
1759 1719 1958 1814 hujus
1988 1723 2218 1819 vitae..-

782 1836 887 1908 Ex
924 1835 1031 1905 his
1055 1888 1079 1921 ,
1114 1840 1284 1927 qliae
1325 1833 1537 1903 doctis
1575 1834 1850 1903 omnino
1887 1835 2260 1922 arriserint,
2297 1858 2507 1927 pauca
2543 1836 2726 1907 inve-

691 1945 887 2036 nie-¹³3
922 1972 1201 2038 quorum
1234 1947 1549 2041 pleraque
1583 1943 1854 2037 scripsit
1888 1948 2236 2041 postremis
2271 1951 2500 2036 annis,
2526 1976 2608 2020 ne
2644 1977 2724 2020 o-

690 2064 897 2137 tiosus
934 2080 1113 2135 esset
1136 2116 1158 2151 ,
1198 2081 1267 2136 et
1303 2080 1377 2137 ut
1414 2064 1685 2160 aliquod
1721 2066 2026 2139 levamen
2063 2082 2326 2159 pareret
2357 2068 2716 2139 senectuti.

688 2183 1005 2255 Ceterum
1042 2184 1158 2277 qui
1198 2183 1333 2255 alia
1370 2184 1672 2278 ejusdem
1707 2208 1912 2278 opera
1949 2187 2188 2279 legerit
2209 2236 2230 2269 ,
2265 2183 2507 2257 latinas
2543 2210 2728 2277 prae-

688 2300 885 2392 cipue
920 2302 1234 2393 epistolas
1264 2320 1334 2377 et
1360 2304 1690 2376 orationes
1709 2356 1732 2393 ‚
1750 2306 1956 2377 talem
1995 2330 2148 2377 eum
2187 2305 2549 2403 judicabit,
2567 2330 2724 2397 qua-

692 2418 776 2490 lis
822 2444 1049 2493 revera
1086 2438 1229 2510 est,
1268 2440 1338 2495 et
1390 2426 1660 2518 qualem
1693 2425 1914 2520 ipsum
1955 2424 2296 2517 praedicat
2333 2423 2591 2519 jamdiu
2628 2421 2766 2494 fta--

696 2561 847 2624 ma,
886 2540 1102 2612 virum
1136 2543 1397 2616 scilicet
1432 2545 1659 2638 magni
1699 2542 1988 2612 nominis
2025 2542 2427 2611 litteratum.

784 2658 1142 2732 Enimvero
1178 2663 1563 2752 paucissimi
1607 2661 1714 2728 vel
1747 2661 1816 2727 in
1859 2657 2154 2726 historiis
2193 2673 2574 2744 occurrunt,
2611 2659 2726 2750 qui

688 2777 761 2846 in
784 2792 965 2848 tanta
983 2832 1002 2864 ‚
1024 2795 1267 2868 quanta
1298 2778 1414 2848 ille
1434 2825 1457 2860 ,
1473 2777 1620 2844 luce
1663 2773 1901 2843 versati
1933 2771 2072 2840 sint
2091 2825 2106 2841 .
2133 2771 2519 2862 Splendidis
2544 2774 2736 2858 deco-

699 2909 879 2962 ratus
904 2893 1283 2962 muneribus
1320 2892 1674 2962 honorifice
1713 2907 1816 2960 est
1843 2887 2110 2960 habitus
2157 2917 2194 2961 a
2223 2891 2728 2963 litteratissimis

685 3001 892 3089 viris,
930 3005 1299 3094 Morgagno
1353 3004 1425 3072 iu
1465 3003 1742 3096 primis,
1806 3003 2264 3090 Vallisnerio,
2318 3007 2726 3092 Pontedera,

688 3121 976 3209 Poleuo,
1012 3121 1129 3214 qui
1166 3145 1397 3196 omnes
1438 3123 1692 3216 publici
1733 3124 2029 3214 patavini
2049 3125 2411 3216 Gymnasii
2433 3123 2730 3195 lumina.

786 3237 1025 3328 Neque
1060 3237 1131 3307 hi
1172 3253 1429 3310 tantum
1464 3239 1529 3310 ei
1577 3239 1944 3331 plurimum
1985 3238 2278 3310 detulere
2299 3292 2318 3325 ‚
2350 3238 2469 3308 sed
2507 3255 2576 3308 et
2611 3237 2728 3308 alii

688 3343 819 3420 viri
856 3350 1272 3440 doctissimi,
1312 3354 1670 3446 praecipue
1720 3354 2072 3444 Philippus
2117 3378 2157 3422 a
2207 3355 2416 3423 Turre
2467 3353 2732 3442 episco-

690 3486 817 3555 pus
854 3465 1177 3536 adriensis
1200 3519 1221 3552 ‚
1261 3467 1487 3558 Scipio
1524 3467 1928 3562 Maphejus‚
1967 3467 2344 3536 Ludovicus
2382 3468 2536 3536 Ant.
2575 3467 2734 3534 Mu·

689 3581 1009 3669 raterius,
1046 3583 1297 3676 Joseph
1326 3582 1656 3655 Torellius
1683 3639 1705 3670 ‚
1745 3609 1970 3656 comcs
2011 3584 2342 3654 Camillus
2381 3581 2462 3651 de
2517 3581 2758 3658 Silvo--

692 3697 898 3784 stris,
956 3696 1407 3788 Hieronymus
1462 3698 2034 3786 Lagomarsinus3
2093 3713 2236 3766 tum
2277 3693 2570 3786 Angelus
2629 3694 2738 3764 Μ.

692 3812 889 3886 Card.
930 3812 1289 3904 Quirinus,
1344 3812 1725 3887 Alexander
1779 3812 2171 3907 archiepisc.
2231 3828 2302 3884 et
2353 3810 2740 3904 stephanus

696 3929 896 4008 eard.
934 3930 1174 4028 norgia
1192 3983 1215 4004 .
