3125 4975
1054 320 1359 411 Art-rom:
1396 359 1688 411 samum
2277 346 2408 443 189

472 486 627 559 *Non
665 480 953 551 mentiar
972 533 993 567 ,
1032 481 1088 550 si
1122 480 1339 552 dicam
1379 482 1543 551 haec
1581 482 1697 551 vix
1749 481 1928 553 edita
1961 482 2206 578 ubique
2249 486 2402 579 plu..

372 603 619 677 timum
657 598 1027 692 placuisse,
1053 596 1297 688 ubique
1336 612 1529 665 nacta
1568 620 1714 667 esse
1751 598 2069 688 plurimos
2105 595 2394 675 laudato-

374 740 481 789 res
506 767 521 785 .
562 716 758 784 Certe
809 712 1043 783 horum
1090 710 1387 781 omniurn
1425 710 1642 799 parari
1694 711 1922 781 statim
1976 713 2206 783 debuit
2248 716 2396 787 edi-
2445 782 2456 803 ,

374 836 471 904 tio
508 834 751 917 altera,
790 847 865 899 ut
900 828 1133 899 eadem
1172 827 1547 919 petentibus
1583 830 1970 899 satisfieret.
2019 830 2256 922 Neque
2293 858 2400 905 ve-

385 978 459 1023 ro
492 952 613 1021 ille
648 948 1011 1041 quidquam
1052 948 1135 1016 de
1170 947 1449 1037 pristina
1483 947 1902 1017 contentione
1945 946 2244 1036 remisit,
2295 948 2398 1022 fa.

374 1068 549 1139 voris
606 1066 859 1161 publici
920 1063 1315 1136 confidentia
1348 1112 1366 1131 .
1431 1062 1944 1133 Dissertationes
1997 1088 2398 1157 quamquam

374 1200 673 1256 accurate
730 1182 1013 1271 scriptas
1052 1232 1075 1265 ,
1128 1194 1479 1248 retractare
1534 1180 1760 1269 coepit
1803 1180 2184 1273 diligentius
2206 1236 2222 1252 .
2279 1182 2394 1257 Sic

373 1322 545 1371 nova
581 1321 733 1366 eura
770 1293 1133 1385 recognitas
1165 1345 1186 1376 ,
1236 1291 1553 1383 quasique
1591 1290 1864 1363 refectas
1911 1310 1980 1363 et
2031 1297 2396 1380 cumulatas

380 1418 650 1505 insuper
687 1412 838 1481 aliis
886 1426 1065 1495 octo,
1102 1433 1317 1481 rursus
1354 1407 1426 1477 in
1475 1408 1691 1479 lucem
1739 1410 1926 1481 misit
1961 1436 2130 1482 anno
2185 1413 2356 1507 1742
2373 1466 2398 1501 ,

382 1551 453 1600 et
500 1530 631 1598 alia
678 1528 924 1619 pariter
975 1527 1323 1618 deinceps,
1368 1550 1536 1617 quae
1595 1526 1773 1617 prius
1829 1528 2162 1615 ediderat,
2199 1546 2393 1601 aucta

386 1646 645 1741 plenius
702 1662 771 1715 et
822 1646 1185 1717 illustrata:
1249 1644 1594 1713 historiam
1649 1646 1902 1715 scilicet
1969 1646 2398 1738 apostolicam

380 1784 553 1831 anno
594 1758 770 1850 1744
790 1811 813 1844 ,
860 1782 1033 1827 anno
1068 1774 1291 1829 autem
1332 1758 1632 1849 sequenti
1685 1758 2026 1831 historiam
2071 1760 2394 1833 Familiae

374 1901 635 1963 sacrae,
676 1877 845 1947 ritas
882 1876 1153 1947 demum
1198 1875 1592 1951 Pontificum
1655 1901 2069 1952 romanorum
2115 1876 2398 1949 triennio

374 2007 525 2087 post
552 2043 567 2065 .

480 2104 657 2174 Hinc
692 2121 883 2173 aucta
920 2102 1063 2197 ejus
1096 2101 1274 2173 fama
1314 2119 1383 2173 et
1432 2103 1640 2195 gloria
1687 2105 2080 2175 cumulatior
2106 2101 2395 2175 reddita.

386 2220 561 2291 Eum
599 2218 895 2307 suspexit
926 2241 1061 2285 non
1098 2240 1227 2285 una
1260 2217 1457 2289 Italia
1473 2269 1494 2303 ‚
1532 2219 1650 2287 sed
1687 2219 1890 2287 etiam
1927 2218 2098 2287 aliae
2143 2216 2404 2308 provin·

384 2329 535 2397 aiae
554 2379 575 2412 ,
608 2328 955 2418 praecipue
992 2345 1211 2403 autem
1240 2330 1601 2402 Germania
1623 2381 1639 2399 .
1665 2330 2008 2423 Herbipoli
2037 2330 2218 2401 edita
2251 2327 2406 2399 fuis-

390 2464 461 2512 se
500 2440 833 2532 comperio
869 2440 1145 2514 Sandini
1182 2464 1381 2533 opera
1427 2462 1579 2514 ann.
1627 2444 1799 2534 1756
1823 2497 1846 2528 ‚
1883 2445 2216 2534 Augustae
2251 2466 2406 2516 vero

387 2560 891 2630 Vindelicorum
930 2584 1081 2629 ann.
1130 2563 1341 2654 1748,
1372 2578 1475 2645 et,
1504 2562 1680 2652 quod
1717 2562 1908 2650 longe
1947 2562 2159 2652 majus
2178 2583 2406 2651 ,prae-

380 2675 613 2746 tulisse
652 2677 827 2746 hunc
866 2677 1127 2748 titulum
1156 2705 1171 2747 ε
1209 2676 1407 2748 Basis
1435 2675 1759 2750 historiae
1787 2675 2276 2747 ecclesiasticae
2309 2672 2404 2746 ad

382 2815 580 2864 usum
610 2792 785 2862 cleri
834 2793 1195 2885 augustani
1215 2847 1233 2864 .
1283 2798 1572 2868 Joannes
1627 2796 1806 2866 enim
1843 2794 2207 2868 Bernardus
2259 2795 2406 2886 epi.-

378 2936 617 3002 scopus
654 2911 1231 3003 chrysopolitanus
1256 2965 1276 2998 ,
1304 2913 1776 3006 herbipolitani
1821 2912 2304 3004 suffraganeus,
2337 2927 2408 2984 et

381 3029 840 3099 screnissimus
862 3030 1313 3120 Landgravius
1332 3033 1614 3104 Hassiae
1652 3035 1995 3102 Darmstat
2012 3085 2033 3116 ,
2057 3029 2404 3120 episcopus

382 3154 453 3206 et
486 3140 791 3232 princeps
828 3159 1225 3232 augustanus
1252 3195 1270 3223 ‚
1294 3159 1604 3233 putarunt
1637 3144 1888 3234 optime
1927 3165 2120 3234 posse
2153 3127 2227 3211 se
2261 3139 2398 3212 suis

386 3258 756 3352 prospicere
777 3309 798 3342 ,
834 3257 1079 3328 iisdem
1114 3257 1437 3328 exhibitis
1473 3259 1750 3330 Sa‘ndini
1789 3258 2012 3328 libris.

478 3369 649 3438 Tam
687 3385 910 3460 aperta
946 3369 1457 3442 existimationis
1491 3369 1740 3440 indicia
1767 3369 2200 3440 litteratorum
2237 3367 2405 3438 viro·

380 3505 529 3552 rum
554 3503 713 3572 erga
750 3481 1091 3552 hominem
1128 3481 1260 3551 sibi
1296 3481 1594 3571 ignotum
1613 3531 1634 3566 ,
1662 3479 1748 3550 ab
1774 3499 1856 3548 eo
1887 3501 2018 3548 non
2055 3479 2352 3570 quaesita
2377 3529 2400 3564 ,

372 3613 514 3670 uon
550 3593 931 3680 eblandita,
969 3617 1101 3664 non
1154 3592 1367 3662 officio
1402 3591 1588 3662 civili
1647 3606 1933 3677 extorta,
1971 3590 2281 3661 virtutem
2331 3606 2404 3660 et

352 3705 653 3780 „laudem
687 3710 979 3780 hominis
1004 3709 1199 3802 plane
1234 3707 1591 3780 ostendunt
1609 3761 1624 3778 .
1651 3710 1839 3778 Hanc
1871 3731 2030 3799 prae
2055 3706 2262 3780 oculis
2287 3705 2400 3776 ha-

386 3821 537 3898 buit
570 3827 857 3899 eximiae
880 3827 1247 3919 sapientiae
1281 3825 1586 3899 Pontifex
1619 3825 2012 3898 Benedictus
2047 3823 2220 3902 XIV
2241 3873 2264 3908 ‚
2287 3820 2402 3911 qui

386 3939 473 4015 de
524 3941 815 4022 saudim
860 3944 1195 4040 praeclare
1211 3997 1235 4035 ,
1288 3945 1521 4022 solitus
1571 3961 1908 4042 praeterea
1943 3937 2287 4039 ‚quaedam
2321 3955 2410 4012 01
