3125 4975
777 341 920 436 224
1662 357 1827 409 vm

754 467 859 562 ius
895 477 1026 547 hoc
1061 475 1351 564 locuples
1391 473 1845 544 testimonium
1890 473 1961 548 in
2000 471 2137 544 vita
2182 471 2457 545 Joannis
2514 471 2789 564 Antonii

753 595 991 683 Vulpii
1013 643 1030 659 .
1071 588 1402 658 addemus
1447 589 1476 680 (
1509 589 1727 678 inquit
1765 593 1795 676 )
1831 588 2451 682 firttmatissimum
2488 613 2611 664 nos
2662 613 2792 678 pu-

755 719 900 778 tare
957 704 1390 792 Gymnasium
1442 706 1837 795 patavimun
1856 761 1874 789 ,
1906 703 2088 794 quod
2122 703 2251 776 hac
2286 718 2515 776 nostra
2566 713 2794 774 aetate

761 824 792 912 (
823 845 956 890 non
991 817 1176 890 lubet
1205 818 1622 908 antiquiores
1655 821 2001 890 nominare
2028 823 2059 912 )
2097 831 2236 891 tres
2280 818 2517 890 habuit
2554 818 2792 888 huma-

756 937 1020 1008 niomm
1055 936 1436 1006 litterarum
1481 938 1871 1032 rmgisth,
1910 939 2343 1008 Lami-inum
2360 991 2382 1024 ,
2450 938 2757 1028 Vulpinm
2773 987 2799 1020 ,

757 1064 828 1124 et
863 1057 977 1146 qui
1015 1053 1168 1126 huic
1203 1053 1522 1125 successit
1539 1110 1557 1142 ,
1599 1056 1988 1128 sibiliatum
2009 1111 2029 1143 ‚
2069 1055 2157 1129 de
2208 1060 2395 1149 cujus
2446 1053 2751 1126 amicitia
2768 1107 2795 1140 ,

757 1167 920 1240 dum
973 1169 1184 1239 vivam
1207 1221 1228 1255 ,
1291 1167 1637 1260 gloriabor·
1661 1197 1692 1252 ;
1748 1170 1863 1262 qui
1912 1195 2111 1263 pares·
2176 1168 2481 1244 omnibus
2530 1167 2793 1261 magnis

759 1284 920 1356 viris
933 1340 952 1372 ,
993 1311 1158 1378 quos
1190 1298 1461 1358 exterae
1495 1289 1804 1360 nationes
1839 1288 2126 1362 nimium
2164 1300 2558 1382 arroganter
2596 1285 2793 1355 inter-

759 1399 923 1469 dum
965 1403 1269 1494 jactant,
1317 1413 1390 1470 et
1435 1401 1671 1472 multis
1722 1402 1934 1474 etiam
1985 1401 2355 1495 superiores
2417 1397 2793 1472 existimari

757 1525 1032 1602 possunt
1089 1516 1230 1605 (ι).
1291 1517 1474 1584 Haec
1512 1517 1873 1588 Fabronius
1898 1569 1915 1586 .
1954 1518 2303 1588 Praeterea
2341 1539 2491 1584 cum
2544 1513 2792 1584 Rober-

761 1641 871 1711 to,
911 1627 1264 1723 Pompeio,
1302 1631 1599 1720 Frugono
1623 1681 1644 1714 ,
1681 1631 1903 1698 Ferrio
1922 1681 1945 1718 ‚
1992 1631 2284 1718 Caspare
2322 1629 2529 1698 Gozio
2548 1680 2569 1713 ,
2608 1648 2795 1696 cum-

755 1767 889 1836 que
937 1748 1086 1814 aliis
1133 1745 1633 1816 litteratissimis
1694 1748 1853 1814 viris
1870 1759 1897 1830 ‚'
1947 1747 2159 1814 immo
2214 1769 2363 1812 cum
2420 1743 2791 1836 Maphejo‚

759 1864 1074 1951 Apostolo
1109 1863 1328 1948 Zeno,
1367 1863 1797 1947 Metastasio,
1832 1877 1966 1930 tota
2013 1867 2273 1949 Europa
2302 1855 2797 1948 celeberrimis,

759 1993 1058 2045 mutuum
1095 1976 1424 2046 Clementi
1465 1975 1591 2046 fuit
1628 1977 2055 2068 epistolarum
2096 1975 2605 2060 commercium,
2646 1976 2795 2064 qui..

757 2087 880 2160 bus
937 2093 1304 2162 continetur
1353 2094 1603 2164 eximia
1638 2111 1706 2164 et
1752 2093 2105 2184 multiplex
2162 2093 2483 2162 eruditio.
2534 2091 2789 2161 Eadem

760 2202 936 2292 apud
971 2203 1284 2293 patricios
1321 2225 1589 2277 venetos
1627 2205 1959 2277 fruebatur
1994 2205 2210 2277 fama.
2250 2207 2441 2275 Idem
2484 2205 2793 2275 laudatus

761 2316 846 2387 ab
901 2319 1400 2409 ephemeridum
1458 2325 1554 2392 rei
1610 2323 1973 2393 litterariae
2010 2321 2433 2411 scriptoribus
2454 2373 2475 2404 ,
2530 2336 2795 2389 ornatus

759 2431 848 2501 ab
885 2433 1278 2525 academiis,
1317 2436 1730 2531 principibus
1782 2436 1939 2507 viris
1994 2437 2332 2528 cognitus,
2400 2433 2744 2525 Episcopis
2764 2485 2791 2519 ,

631 2608 636 2611 .
761 2552 1230 2650 cardinalibus
1253 2608 1276 2642 ,
1313 2558 1594 2635 summis
1622 2556 2049 2629 Pontificibus
2071 2608 2088 2623 .
2128 2555 2314 2623 Adeo
2365 2551 2600 2621 claruit
2638 2552 2805 2624 Cle„

763 2670 1004 2741 mentis
1037 2672 1317 2741 nomen!
1355 2696 1436 2743 eo
1464 2674 1670 2763 pluris
1704 2671 2079 2743 babendum
2101 2722 2121 2755 ,
2150 2669 2323 2761 quod
2358 2670 2579 2758 ipsum
2615 2692 2795 2739 com·

763 2786 1168 2856 mendabant
1204 2789 1358 2857 boni
1401 2805 1646 2875 mores,
1684 2790 1769 2858 de
1806 2788 2041 2879 quibus
2082 2786 2367 2857 breviter
2404 2810 2605 2857 nunc.

853 2904 1004 2972 Fuit
1028 2904 1248 2994 itaque
1295 2906 1518 2975 animo
1537 2907 1799 2976 liberali
1830 2924 1898 2977 et
1935 2908 2251 2999 ingenuo,
2280 2931 2408 2977 non
2441 2906 2792 2999 simulato,

763 3038 894 3083 non
932 3032 1143 3104 tectos,
1183 3018 1516 3091 societatis
1553 3022 1849 3107 amicus,
1886 3020 2061 3091 laeta
2095 3019 2357 3106 indole,
2396 3036 2620 3111 aperto
2660 3042 2793 3088 non

765 3133 962 3201 modo
999 3158 1338 3223 sermone,
1376 3139 1496 3210 sed
1530 3140 1737 3210 etiam
1766 3140 1988 3225 vultu,
2024 3140 2095 3209 in
2136 3138 2499 3232 deligendis
2554 3136 2791 3207 amicis

763 3270 1006 3340 sagax,
1063 3250 1134 3319 in
1187 3252 1482 3323 colendis
1531 3254 1854 3345 diligens,
1902 3254 1971 3322 in
2011 3251 2424 3342 excipiendis
2476 3247 2785 3319 omnibus

764 3360 852 3429 nd
899 3386 970 3432 se
1007 3365 1398 3437 adeuntibus
1443 3368 1640 3459 plane
1697 3368 2051 3441 humanus.
2089 3370 2141 3437 F
2145 3363 2616 3459 requentabant
2668 3386 2789 3431 au·

763 3504 904 3565 tem
961 3512 1091 3566 non
1128 3489 1322 3585 pauci
1360 3488 1502 3587 ejus
1550 3490 1820 3561 domum
1838 3544 1859 3577 ,
1902 3512 2031 3557 non
2068 3504 2323 3557 tantum
2358 3484 2626 3588 juvenes
2680 3478 2783 3556 dl·-

1435 3694 2095 3732 mmmmm

850 3860 950 3941 (ι)
989 3858 1167 3929 Vitae
1223 3859 1347 3927 ital.
1386 3858 1650 3925 doctrina
1704 3860 1907 3927 excell.
1927 3906 1953 3939 ,
2010 3862 2189 3929 Tom.
2247 3844 2403 3927 xm
2438 3877 2573 3949 pag.
2612 3860 2776 3943 38ίὴ
