3125 4975
2340 232 2385 270 ’ἱ

821 360 1042 421 mam
1079 358 1382 421 amomi
1404 332 1837 425 ⁸romanumfl
2216 352 2359 449 529
2424 356 2433 367 ’

321 490 503 585 geris
561 488 915 563 obruerant
964 546 982 563 .
1035 492 1656 579 Marcusoccurrit,
1694 512 1763 565 et
1822 518 1960 565 rem
2008 476 2346 586 eipediit.
2460 568 2469 575 ,

321 606 668 698 Quidquid
703 606 858 677 boni
883 654 904 685 ‚
937 608 1046 697 api
1085 606 1370 691 similis,
1409 604 1498 678 ab
1549 605 1635 675 iis
1673 609 2032 695 expressit,
2068 626 2137 679 et
2180 634 2349 681 nova

319 736 663 813 praeterea
713 718 1022 803 addidit,
1059 719 1300 789 omnia·
1323 718 1883 808 comprehendens
1920 722 2183 809 paucis.
2222 724 2348 793 His

317 834 634 903 intimam
673 834 810 904 vim
849 832 1264 902 demonstrat
1302 830 1446 901 itali
1502 831 1854 923 cujuslibet
1906 834 2353 923 epigramma·

321 951 410 1020 tis
449 952 557 1021 v‘el
597 949 960 1034 cantionis,
997 964 1066 1017 et
1101 948 1433 1038 poeticum
1471 947 1819 1017 artificium
1844 997 1861 1015 .
1899 948 2219 1018 Fabulam
2256 964 2355 1017 et·

320 1066 464 1139 iam
513 1066 772 1137 addidit
826 1086 906 1137 ea
943 1066 1167 1135 omnia
1223 1066 1671 1135 continentem
1718 1064 2073 1151 vocabula,
2112 1065 2355 1157 quibus

316 1180 394 1249 in
439 1180 528 1247 iis
586 1178 992 1247 carminibus
1037 1200 1190 1245 usus
1227 1176 1437 1260 Casa,
1471 1190 1540 1245 et
1576 1176 1809 1245 eadem
1851 1176 2123 1266 digessit
2174 1182 2355 1251 ordi..

321 1322 411 1367 ne
461 1297 830 1365 litterarum
849 1346 867 1363 .
910 1296 1160 1363 Horum
1215 1294 1402 1383 plura
1441 1308 1716 1363 testatur
1753 1294 2036 1383 ipsemet
2091 1298 2349 1369 Forcel-

325 1412 503 1483 linus
541 1409 610 1479 in
650 1412 930 1501 epistola
969 1434 1130 1480 sane
1186 1408 1629 1500 pulcherrima
1674 1411 1758 1480 ad
1813 1412 2129 1482 Facinum
2186 1417 2349 1487 ado·

323 1527 686 1601 lest-,entem
747 1528 1040 1600 nobilem
1109 1527 1287 1597 urbis
1351 1528 1634 1597 Feltriae
1671 1580 1692 1612 ,
1756 1548 1954 1619 quam
2010 1532 2221 1602 Casae
2284 1524 2355 1603 ‘o'-

331 1660 564 1733 perum
631 1640 908 1711 editioni
962 1638 1340 1731 praeposuit
1399 1660 1550 1711 ann.
1618 1642 1789 1731 1752
1854 1642 2161 1713 Venetiis
2202 1666 2355 1735 pro-

330 1754 514 1827 ditae
535 1809 552 1825 .
1685 1738 1694 1747 ’

400 1866 546 1939 Hoc
583 1866 814 1939 eodem
855 1894 1024 1939 anno
1052 1866 1318 1939 Marcus
1356 1866 1428 1938 in
1452 1866 1668 1941 lucem
1708 1874 1981 1962 protulit
2018 1866 2179 1944 Zeni
2220 1874 2359 1968 epi-

323 1982 526 2057 stolas
563 2010 603 2057 a
639 2010 712 2057 se
748 1986 1096 2073 collectas,
1135 2004 1204 2057 et
1241 1988 1468 2057 ordine
1531 2006 1903 2079 temporum
1959 1990 2311 2083 dispositas
2334 2048 2356 2081 ‚

323 2102 501 2171 unde
553 2126 686 2172 non
723 2118 953 2193 parum
991 2102 1300 2171 utilitatis
1348 2104 1417 2170 in
1481 2126 1711 2172 omnes
1752 2104 2071 2175 bonarum
2113 2108 2352 2179 artium

319 2215 690 2284 studiosos.
732 2214 810 2281 In
861 2214 964 2283 his
1015 2214 1194 2281 enim
1235 2214 1520 2302 plurima
1559 2214 1641 2283 de
1684 2215 1910 2285 multis
1948 2217 2353 2304 auctoribus,

327 2350 688 2418 eorumque
724 2326 1028 2417 operibus
1047 2378 1067 2411 ‚
1090 2328 1174 2394 de
1201 2328 1739 2415 inscriptionibus
1760 2381 1779 2411 ,
1808 2330 1889 2398 de
1929 2334 2353 2404 numismati-

329 2447 498 2530 bus,
537 2447 618 2516 de
655 2445 1058 2538 quibuslibet
1097 2444 1540 2514 monumentis
1591 2445 1878 2534 antiquis
1910 2499 1925 2514 .
1982 2450 2061 2518 In
2118 2452 2224 2522 his
2286 2476 2353 2522 o-

329 2562 646 2652 mnigena
687 2560 1160 2650 propemodum
1197 2557 1480 2626 eruditio
1503 2607 1519 2624 .
1558 2557 1692 2648 Qui
1733 2577 1883 2626 vero
1915 2562 2145 2629 nolunt
2196 2565 2361 2632 inte-

321 2680 504 2752 riora
543 2679 856 2763 scrutari,
914 2679 998 2748 iis
1063 2679 1216 2747 hinc
1279 2675 1643 2768 perfectum
1696 2679 1989 2767 suppetit
2041 2679 2361 2770 epistolae

325 2792 679 2864 familiaris
717 2791 1096 2882 exemplum
1121 2843 1136 2858 .
1178 2790 1282 2859 Ibi
1323 2790 1494 2859 nihil
1533 2790 1897 2875 adscitum,
1924 2791 2093 2860 nihil
2132 2794 2357 2884 exqui-

333 2910 550 2980 sitius·
579 2909 982 2980 elaboratum
1023 2961 1040 2979 .
1089 2909 1294 2980 Stilus
1352 2909 1639 3000 simplex
1665 2961 1689 2994 ,
1746 2909 2061 2978 naturalis
2089 2910 2357 3003 finge..

335 3045 501 3093 nuus
521 3075 544 3107 ,
576 3022 658 3093 ad
683 3024 1032 3113 legendum
1071 3019 1266 3092 facile
1307 3023 1604 3092 alliciens
1634 3075 1649 3090 .
1686 3023 1825 3092 Hac
1852 3023 2145 3092 editione
2168 3027 2359 3094 Mar-

342 3157 454 3202 eus
485 3135 952 3204 consulendum
986 3134 1238 3202 curavit
1272 3133 1759 3202 immortalitati
1800 3134 1923 3201 viri
1964 3133 2367 3223 doctissimi,

339 3245 609 3335 quicum
670 3245 799 3334 ipsi
859 3246 1152 3316 maxima
1189 3245 1603 3314 necessitudo
1639 3245 2132 3316 intercesserat:
2190 3274 2369 3320 eam-

343 3355 630 3448 demque
685 3358 950 3426 nomine
998 3358 1255 3426 ornavit
1293 3355 1671 3428 sebastiani
1722 3359 2023 3428 Andreae
2067 3359 2362 3452 Crottae,

343 3477 455 3570 qui
483 3475 778 3569 ejusdem
812 3475 971 3546 Zeni
1010 3475 1338 3543 maximus
1375 3474 1773 3560 admirator,
1794 3475 1876 3544 ad
1914 3477 2129 3567 ipsum
2170 3501 2361 3570 prae-

342 3597 547 3667 missa
585 3593 897 3684 epistola.
955 3596 1033 3662 In
1071 3592 1196 3662 hac
1234 3592 1439 3664 fusius
1477 3610 1801 3663 memorat
1838 3597 2236 3666 Forcellinus
2276 3596 2361 3667 de

345 3709 508 3779 Zeni
559 3705 852 3778 moribus
909 3731 986 3776 ac
1040 3706 1280 3778 studiis
1307 3761 1330 3794 ,
1385 3731 1501 3777 seu
1561 3707 1777 3797 potius
1830 3707 2046 3799 ipsum
2106 3709 2365 3782 abunde

347 3827 619 3900 laudat.
675 3815 966 3898 Narrare
1015 3828 1197 3896 enim
1228 3880 1250 3914 ,
1303 3851 1473 3918 quae
1533 3827 1649 3896 ille
1704 3828 2008 3918 gesserit,
2047 3843 2151 3897 est
2210 3851 2360 3899 eum

345 3939 618 4019 laudare
645 3989 662 4012 .
717 3942 1138 4039 Quamquam
1185 3941 1502 4036 epistolae
1553 3941 1741 4036 ipsae
1800 3958 1953 4016 sunt
2004 3941 2371 4036 pulcher-riq
