3125 4975
864 355 1232 408 mucrscr
1269 351 1623 406 nomm-rr
2113 329 2194 420 [μ
2209 355 2249 421 7

161 487 430 562 semel
467 497 890 576 perceperat,
927 480 1021 549 ita
1058 474 1418 547 haerebant
1455 475 1524 542 in
1563 473 1707 566 ejus
1744 473 1969 544 animo
2004 472 2243 558 infixa,

163 627 272 676 ut
301 661 322 691 ,
387 603 648 695 quoties
713 598 953 679 vellet,
1009 597 1242 666 eidem
1287 609 1506 663 essent
1559 593 1631 660 in
1694 608 2042 682 promptu,
2080 592 2243 683 quin

169 722 352 789 ulla
394 714 694 786 confusio
733 713 1094 791 existeret,
1133 723 1210 776 ut
1243 731 1440 797 saepe
1483 707 1593 790 fit,
1632 729 1717 774 ex
1756 721 1890 774 tam
1931 706 2245 774 dissimili

171 861 440 906 rerum
477 835 672 924 copia
695 884 711 899 .
763 833 902 899 Tot
937 829 1053 898 ille
1091 827 1381 896 intentus
1420 824 1837 896 detinebatur
1874 825 2052 893 domi
2102 826 2251 894 diu..

183 950 354 1016 tius
396 947 690 1016 inclusus
747 941 1086 1012 cubiculo.
1141 941 1316 1010 Hinc
1371 941 1488 1010 illa
1537 940 1889 1030 multiplex
1926 939 2249 1028 eruditio,

186 1089 428 1156 quam
467 1063 662 1134 facile
699 1062 975 1133 cuilibet
1033 1060 1522 1151 deprehendere
1576 1061 1735 1129 licet
1788 1059 1857 1128 in
1905 1059 2045 1150 eius
2086 1060 2253 1130 scri-

195 1183 360 1274 ptis
387 1234 403 1251 .
463 1181 589 1253 His
643 1182 1088 1252 doctrinarum
1127 1195 1194 1248 et
1231 1179 1468 1247 artium
1509 1180 1746 1270 opibus
1783 1197 2009 1249 auctus
2058 1203 2251 1250 suum

209 1320 302 1365 ac
341 1294 704 1366 Seminarii
747 1317 986 1363 nomen
1025 1293 1342 1362 illustrius
1379 1291 1709 1363 reddidit.

319 1409 604 1478 Interim
641 1409 952 1498 vergebat
987 1429 1196 1479 annus
1241 1407 1506 1498 quintus
1545 1423 1615 1476 et
1650 1407 2085 1500 octogesimus
2138 1432 2251 1476 su-

213 1545 348 1613 pra
387 1522 820 1592 millesimum
859 1521 1556 1614 septingentesimum,
1596 1547 1747 1592 cum
1784 1521 2109 1593 Venetiae
2150 1547 2254 1592 ac..

225 1637 514 1706 cersitur
549 1639 632 1708 ad
670 1637 1100 1729 profitendam
1158 1637 1603 1727 eloquentiam
1658 1661 1911 1706 sacram
1958 1637 2029 1705 in
2068 1625 2293 1706 acho-s

223 1753 358 1840 lis,
419 1779 579 1846 quas
637 1755 722 1826 ad
773 1757 1166 1826 clericorum
1202 1755 1689 1826 institutionem
1742 1756 2007 1846 publica
2070 1755 2251 1825 illius

225 1866 640 1957 reipublicae
693 1869 1142 1940 munificentia
1202 1886 1583 1960 aperuerat.
1646 1869 1859 1960 Aegre
1918 1865 2253 1955 ferebant,

229 1981 349 2071 qui
388 1981 636 2052 addicti
673 2001 862 2052 erant
907 1984 1314 2067 Seminario,
1353 1983 1773 2054 Franciscum
1814 1982 1899 2052 ab
1936 2005 2015 2052 eo
2050 1983 2255 2050 disce·

228 2098 388 2167 dere
413 2151 428 2168 .
468 2101 720 2192 Magna
757 2102 938 2170 enim
979 2120 1119 2172 erat
1155 2103 1334 2173 illius
1372 2104 1636 2192 opinio:
1690 2120 1843 2171 nota
1890 2101 2140 2172 eximia
2178 2102 2257 2169 il-

225 2209 364 2279 lius
403 2211 655 2302 ingenii
695 2216 992 2285 celeritas
1029 2233 1098 2286 et
1135 2221 1536 2308 praestantia
1594 2217 1942 2309 singularis
1965 2271 1981 2286 .
2038 2221 2103 2286 Is
2154 2233 2256 2284 ta-

233 2347 393 2392 men
429 2327 737 2398 omnibus
777 2347 1046 2402 testatus
1086 2333 1351 2423 publice
1390 2357 1579 2401 suum
1620 2349 1873 2422 gratum
1914 2332 2249 2413 animum,

233 2459 369 2527 quo
407 2439 792 2531 vocabatur,
833 2469 903 2516 se
938 2445 1254 2517 contulit.
1305 2446 1478 2515 Cum
1531 2445 1817 2535 primum
1867 2444 2021 2513 iniit
2065 2444 2255 2513 obla..

236 2567 380 2623 tum
420 2582 694 2645 munus,
733 2561 1006 2633 latinam
1047 2564 1410 2632 orationem
1451 2560 1714 2651 publice
1750 2558 2013 2642 habuit,
2052 2580 2252 2648 quam

233 2692 466 2763 postea
519 2678 770 2766 edidit,
825 2681 1082 2773 ingenii
1122 2681 1299 2753 fama
1339 2684 1700 2751 minorem.
1752 2682 2061 2750 Ceterum
2099 2698 2251 2745 cum

237 2787 433 2858 bonis
473 2792 760 2880 artibus,
795 2812 934 2865 tum
977 2796 1169 2866 bouis
1210 2798 1499 2866 moribus
1537 2794 1967 2865 imbuendam
2004 2791 2263 2861 curavit

240 2900 374 2970 cibi
413 2907 718 2976 traditam
773 2907 1178 3003 juventutem
1233 2927 1753 2981 succrescentem
1792 2910 1861 2977 in
1902 2928 2090 2998 spem
2129 2907 2261 2972 Ec-

242 3012 524 3087 clesiae.
562 3023 778 3112 Atque
817 3022 1071 3092 utinam
1103 3048 1276 3095 -eam
1334 3025 1821 3106 valetudinem,
1860 3044 2057 3111 quam
2099 3018 2265 3089 satis

239 3157 622 3225 prosperam
662 3142 982 3211 Venetiae
1023 3143 1282 3227 attulit,
1321 3168 1449 3211 non
1499 3145 1845 3211 vitiassent
1889 3139 2259 3209 identidem

241 3250 501 3324 febres!
547 3258 624 3326 Id
669 3259 980 3329 nimirum
1020 3261 1090 3330 in
1127 3286 1324 3331 causa
1380 3258 1544 3344 fuit,
1585 3284 1698 3329 eur
1750 3282 1880 3326 non
1935 3259 2258 3347 potupiss

247 3392 376 3457 qua
416 3371 727 3441 voluisset
765 3374 1182 3461 assiduitate,
1214 3374 1507 3443 scholam
1549 3374 1766 3455 adire,
1794 3388 1863 3439 et
1892 3394 2077 3441 suam
2116 3396 2269 3463 ope-

249 3504 392 3550 ram
438 3484 507 3551 iu
536 3503 672 3555 tam
707 3489 938 3556 utilem
977 3510 1120 3559 rem
1157 3486 1576 3579 impendere.
1615 3483 2007 3575 Exeipiebat
2044 3500 2269 3557 tamen

253 3597 606 3693 discipulos
624 3605 778 3690 ,ubi
819 3608 1364 3693 accederent,vel
1391 3622 1727 3697 aegrotus,
1750 3622 1817 3675 et
1852 3630 1978 3697 qua
2021 3606 2271 3675 ratione

254 3733 542 3809 poterat,
581 3719 827 3787 iisdem
861 3719 1086 3789 aderat
1109 3772 1125 3789 .
1166 3722 1586 3811 Quamquam
1627 3718 1751 3787 hoc
1790 3720 2055 3810 largiter
2092 3739 2266 3789 com-

259 3835 554 3925 pensavit
592 3837 1086 3905 incommodum
1130 3854 1224 3905 tot
1262 3837 1717 3929 puicherrimis
1755 3836 1944 3907 libris
1982 3833 2051 3903 iu
2091 3856 2267 3907 com-

260 3968 448 4035 mune
484 3946 728 4021 bonum
769 3950 1070 4039 prolatis.
1113 3951 1236 4025 His
1276 3975 1406 4021 non
1443 3950 1787 4051 discipulis
1828 3964 2079 4025 tantum
2114 3970 2263 4053 pro·

798 4060 890 4132 ²7
