3125 4975
1038 370 1280 423 iterun
1318 368 1733 426 renonum:
2266 354 2394 435 185
2483 446 2500 461 ·
2587 406 2602 421 .

366 482 577 589 gionis
615 486 981 561 catholicae
1018 486 1448 571 rudimentis,
1502 512 1580 557 ac
1617 488 1944 578 patienter
1981 506 2206 581 postea
2253 514 2394 583 per-

370 610 523 683 tulit
558 607 779 701 plures
816 630 1023 677 annos
1044 658 1061 675 .
1101 606 1376 676 Utinam
1414 628 1500 675 ex
1530 604 1674 697 ejus
1710 604 2062 696 disciplina
2097 606 2390 699 profece-

364 720 497 793 rim'
518 723 533 792 1
576 720 722 793 Erit
766 718 935 789 mihi
973 732 1187 804 ceste,
1226 718 1385 787 dum
1422 716 1682 802 vivam,
1719 715 2005 810 jucunda
2043 718 2252 809 ipsius
2293 746 2392 790 re.

364 835 655 904 cordatio
676 886 693 901 .
724 830 955 915 Abiit,
976 828 1248 921 inquam
1268 872 1289 913 ,
1312 827 1431 898 illc
1446 879 1469 912 ,
1497 828 1732 897 eodem
1761 850 1889 919 quo
1931 844 2125 899 antea
2149 828 2393 921 stipen-

369 954 512 1040 dio,
546 976 678 1021 non
716 972 1126 1033 reversurus,
1154 946 1226 1015 in
1266 946 1547 1036 patriam
1582 947 1726 1016 Gal.
1766 946 1935 1040 Mai.
1979 972 2128 1017 ann.
2177 948 2386 1039 1765:

368 1094 581 1161 neque
618 1069 831 1139 solum
871 1064 1063 1135 nobis
1082 1116 1103 1149 ,
1142 1064 1258 1132 sed
1316 1064 1519 1132 etiam
1558 1063 1865 1133 omnibus
1915 1064 2026 1156 qui
2083 1067 2392 1135 eumdem

368 1200 673 1265 nossent,
710 1178 999 1269 virisque
1054 1172 1456 1246 doctissimis
1515 1175 1918 1266 inexplebile
1971 1179 2072 1247 sui
2129 1178 2394 1249 deside·

366 1302 541 1371 rium
580 1298 848 1389 reliquit
876 1324 892 1365 x
916 1319 1070 1387 prae
1108 1296 1341 1365 ceteris
1380 1296 1718 1363 Antonino
1755 1298 2149 1368 Valsecchio
2178 1316 2246 1369 et
2281 1296 2387 1370 'Jo-

368 1416 707 1507 Baptistae
767 1410 1133 1507 Morgagno
1151 1466 1172 1500 ‚
1222 1434 1496 1504 quorum
1554 1412 1858 1484 laudibus
1898 1432 2200 1507 personat
2253 1431 2392 1488 tota

371 1534 633 1619 Europa
653 1571 668 1597 a
708 1526 817 1599 Ab
856 1539 1127 1619 utroque
1165 1544 1401 1617 magno
1440 1526 1510 1595 in
1550 1518 1794 1596 bonore
1829 1527 2094 1600 habitus
2121 1532 2391 1603 Porcel-

374 1646 591 1729 linus,
630 1645 713 1714 ab
765 1661 1037 1737 utroque
1088 1644 1461 1729 consultus,
1514 1645 1774 1743 utrique
1813 1648 2102 1716 maxime
2161 1672 2386 1719 carus.

372 1758 725 1833 consultus
762 1758 965 1827 etiam
1008 1757 1093 1827 ab
1130 1758 1285 1827 aliis
1320 1756 1591 1843 multis,
1618 1774 1685 1825 et
1711 1782 1750 1828 a
1787 1758 2166 1831 clarissimis
2193 1762 2390 1831 Joan·

366 1898 453 1944 ne
500 1874 741 1945 Poleno
788 1892 857 1945 et
914 1876 1093 1946 Julio
1138 1874 1503 1943 Pontedera
1530 1926 1551 1959 ,
1605 1894 1766 1965 quos
1823 1898 1968 1945 cum
2023 1877 2390 1969 Morgagno

366 2011 565 2079 saepe
598 1990 831 2059 solitus
886 2005 954 2059 et
1008 1990 1155 2080 ipse
1208 1986 1513 2076 AEgidius
1560 1988 1896 2057 consulere
1918 2038 1934 2055 .
1984 1990 2082 2058 Ac
2119 1978 2392 2081 Morga-

370 2126 537 2195 gnus
580 2102 845 2194 quidem
908 2102 1081 2171 hunc
1139 2122 1297 2169 mox
1334 2101 1772 2171 discessurum
1830 2102 2175 2193 amplexus
2197 2106 2388 2188 ,'non

366 2220 585 2309 potuit
615 2216 743 2286 sibi
783 2242 823 2285 a
858 2216 1167 2306 lacrymis
1199 2234 1562 2307 temperare
1583 2270 1598 2285 .
1621 2218 1810 2288 Abiit
1845 2236 2064 2289 tamon
2085 2272 2105 2305 ,
2129 2242 2206 2289 ac
2242 2244 2388 2289 sese

372 2334 637 2405 interim
674 2335 745 2402 in
782 2335 1153 2403 erudiendis
1193 2337 1492 2426 populiS,
1532 2337 1602 2404 in
1633 2334 2154 2407 confessionibus
2202 2340 2388 2411 exci-

370 2448 635 2544 piendis
660 2465 972 2541 perpetuo
1007 2447 1330 2519 exercuit:
1372 2472 1521 2520 cum
1554 2450 1842 2520 tamdem
1865 2505 1888 2536 ,
1921 2450 2202 2520 triennio
2240 2476 2387 2544 pro⁴

372 2569 729 2661 pemodum
768 2568 1026 2636 evoluto
1050 2621 1071 2652 ,
1115 2568 1299 2638 letali
1340 2568 1566 2638 morbo
1603 2569 1986 2658 corripitur.
2041 2570 2192 2640 Jam
2246 2569 2384 2661 jam

366 2686 718 2758 moriturus
754 2685 1081 2764 maximas
1106 2686 1207 2756 illi
1240 2711 1323 2756 ex
1356 2688 1579 2758 animo
1621 2686 1866 2779 gratias
1899 2687 2040 2778 egit
2061 2737 2082 2772 ‚
2107 2686 2219 2776 qui
2249 2687 2390 2775 pri-

224 2853 263 2874 „
366 2823 517 2872 mus
570 2799 699 2870 sibi
746 2799 969 2869 attulit
1013 2805 1317 2868 nuntium
1356 2803 1627 2886 mortis,
1651 2801 1834 2896 cujus
1871 2801 2016 2892 ipse
2039 2851 2060 2886 ,
2097 2815 2170 2868 ut
2207 2799 2388 2869 audi·

364 2922 429 2989 vi
453 2973 473 3006 ,
492 2935 665 2989 certa
695 2918 1149 3008 praesentione
1186 2943 1315 2988 non
1342 2920 1551 2990 caruit
1568 2972 1583 2990 .
1603 2924 1844 2992 Laetus
1881 2918 2140 3010 aspexit
2165 2899 2387 2986 immi·

365 3059 529 3105 nens
548 3087 569 3121 ,
589 3030 979 3103 terribilium
1000 3031 1171 3124 quod
1193 3035 1487 3102 omnium
1528 3035 1892 3102 maximum
1911 3083 1930 3102 .
1949 3033 2178 3120 Itaque
2210 3029 2382 3120 prid.

362 3145 542 3217 Non.
580 3149 787 3235 April.
824 3167 975 3216 ann.
1010 3147 1185 3240 1768
1212 3146 1385 3216 inter
1420 3147 1676 3217 labores
1711 3148 2074 3216 exstinctus
2095 3161 2240 3230 est,
2265 3167 2382 3213 ae-

344 3275 590 3357 sterno,
616 3280 688 3333 ut
722 3287 1057 3354 speramus
1078 3317 1097 3348 ‚
1130 3287 1247 3355 pro
1283 3265 1522 3336 iisdem
1560 3265 1854 3354 praemio
1897 3263 2072 3352 apud
2101 3263 2384 3352 Superos

370 3377 730 3466 potiturus.
768 3377 1133 3448 Piacularia
1170 3377 1345 3449 inter
1384 3401 1568 3446 sacra
1605 3377 1906 3448 laudatus
1943 3373 2068 3444 fuit
2105 3376 2190 3446 ab
2231 3379 2378 3446 An-

364 3490 547 3562 tonio
582 3491 749 3562 Cora
764 3544 787 3579 ‚
816 3490 979 3562 olim
1016 3489 1315 3586 ejusdem
1350 3489 1701 3592 seminarii
1741 3488 2036 3583 patavini
2073 3489 2380 3560 alumno.

1063 3681 1093 3707 l
