3125 4975
767 267 911 366 364
1395 277 1402 282 '
1698 277 1861 330 vl‘rA

858 407 983 476 Per
1025 403 1194 474 ‘haee
1239 415 1308 468 et
1353 397 1460 466 his
1497 393 1748 464 similia
1786 389 2073 461 innotuit
2112 387 2473 478 plurimum
2510 385 2651 480 ejus
2690 413 2827 460 no-

765 496 924 596 men
947 575 969 609 ‚
989 545 1104 613 per
1131 545 1214 590 ea
1242 515 1591 610 praecipue
1612 567 1631 598 ‚
1660 533 1829 604 quae
1867 507 2132 599 scripsit
2160 507 2244 578 de
2278 507 2617 600 Diptyeho
2646 508 2817 599 qui..

763 643 1062 726 rinian03
1101 637 1276 729 quod
1309 633 1607 704 omnium
1654 619 1783 720 per⁸
1808 620 1919 698 οιὲι
1956 625 2227 711 volitat,
2266 623 2453 716 quasi
2508 623 2799 695 alterum

764 753 1138 852 Palladium
1173 749 1412 842 Troiae
1435 798 1451 815 .
1488 748 1641 834 ‚Iam
1684 739 2119 834 vero'Joseph
2156 755 2509 834 antequam
2551 738 2636 808 ad
2670 761 2805 808 ex..

766 869 1192 962 plicationem
1231 866 1410 936 illius
1464 855 1853 946 accederet,
1910 858 2133 950 plnres
2166 855 2383 927 edidit
2434 855 2797 926 admodum

767 985 1056 1054 eruditas
1089 980 1434 1072 epistolas,
1469 999 1639 1068 quas
1670 972 1845 1044 dixit
1880 969 2361 1064 apologeticas.

867 1103 990 1172 His
1031 1124 1150 1191 pro
1191 1097 1510 1192 varietate
1547 1095 1871 1175 virorum,
1902 1087 2140 1180 quibus
2176 1087 2443 1158 easdem
2484 1083 2709 1171 misit,
2738 1101 2813 1155 et

771 1231 1181 1310 temporum,
1221 1187 1472 1306 quibus
1531 1211 1833 1301 scripsit,
1874 1209 2080 1278 multa
2136 1223 2205 1276 et
2240 1206 2421 1276 varia
2474 1203 2799 1289 inseruit,

673 1419 676 1429 Ι
779 1329 1024 1422 partim
1063 1327 1228 1420 peti
1209 1353 1270 1396 .a
1309 1325 1402 1396 ab
1429 1324 1701 1394 historia
1742 1321 1982 1406 veteri,
2042 1319 2278 1411 partim
2320 1345 2391 1386 a
2416 1319 2801 1410 μυθολογία.

669 1435 674 1440 ’
775 1442 882 1512 Ibi
923 1442 1006 1510 de
1043 1439 1434 1530 quibusdam
1489 1419 1891 1506 editionibus
1938 1433 2177 1502 Dionis
2215 1433 2472 1516 Cassii,
2526 1432 2607 1500 de
2660 1449 2801 1500 arte

779 1545 1195 1638 delineandi‚
1231 1575 1398 1642 quae
1437 1549 1653 1620 floruit
1681 1548 1943 1618 saeculo
1976 1546 2507 1637 quintodecimo,
2532 1547 2615 1614 de
2648 1569 2809 1614 non·

777 1666 1017 1751 nullis,
1053 1690 1222 1756 quae
1273 1657 1603 1754 pertinent
1662 1664 1746 1731 ad
1782 1660 2072 1730 studium
2134 1661 2589 1751 antiquitatis,
2628 1681 2796 1750 quae

772 1783 844 1854 in
887 1785 1102 1874 figuris
1135 1799 1202 1851 et
1237 1783 1501 1871 scriptis
1533 1797 1829 1865 constat,
1871 1778 1961 1849 'de
2015 1778 2167 1847 aliis
2206 1795 2497 1848 veterum
2560 1801 2791 1846 monu-

773 1903 1018 1970 mentis
1031 1900 1458 1992 ‚praesertim
1499 1922 1648 1968 vero
1688 1899 2061 1988 diptychis.
2089 1897 2322 1971 Voluit
2360 1897 2463 1964 his
2500 1894 2796 1987 epistolis

775 2019 954 2088 viam
994 2019 1478 2128 quodammodo
1539 2019 1671 2088 sibi
1710 2036 1997 2088 sternere
2046 2017 2130 2088 ad
2184 2015 2786 2106 interpretationem

777 2137 1102 2227 Diptychi
1141 2138 1539 2230 quiriniani.
1900 2129 1917 2150 ⁶

865 2254 1086 2340 Quare
1141 2251 1303 2322 haee
1367 2277 1500 2322 non
1553 2253 1681 2322 nisi
1732 2254 1939 2322 serius
1998 2253 2068 2322 in
2106 2252 2321 2352 lucem
2362 2251 2607 2343 prodiit
2652 2251 2797 2342 (ι).

773 2362 950 2438 I-lino
987 2364 1074 2434 ab
1111 2365 1259 2436 aliis
1313 2367 1745 2456 reprehensus
1787 2367 2131 2464 Bai-tholus
2170 2368 2318 2457 (2),
2360 2365 2443 2434 ab
2500 2366 2649 2435 aliis
2698 2379 2799 2432 et-

775 2476 914 2549 iarn
952 2481 1034 2549 ad
1075 2479 1444 2551 irrisionem
1510 2482 1839 2551 traductus
1896 2479 2161 2571 publice
2200 2480 2354 2571 (ὅ),
2414 2479 2587 2571 quod
2624 2502 2791 2569 quae

775 2596 1032 2691 jamdiu
1070 2588 1434 2691 parturibat
1455 2652 1476 2685 ,
1507 2624 1865 2689 numquam
1906 2616 2201 2690 parereta
2234 2599 2635 2687 Quibusdam
2672 2598 2799 2664 mi-

775 2717 960 2807 nime
997 2735 1300 2805 acceptus
1339 2716 1492 2803 fuit,
1521 2745 1557 2787 a
1590 2720 1983 2809 quibusdam
2024 2720 2093 2787 in
2134 2719 2325 2811 hujus
2352 2717 2670 2808 Diptyehi
2694 2716 2807 2785 in:

784 2829 1250 2919 tei-pretatione
1281 2828 1630 2899 dissensit.
1672 2832 1781 2899 Ob
1816 2832 1885 2899 id
1924 2848 2099 2901 certe
2140 2834 2168 2921 (
2188 2832 2357 2923 quod
2398 2830 2795 2899 animadver-

780 2939 982 3013 timus
1027 2937 1230 3009 etiam
1267 2957 1422 3010 ante
1463 2944 1493 3031 )
1531 2942 1811 3032 pristino
1850 2944 2067 3013 studio
2114 2946 2332 3013 Lamii
2388 2969 2518 3013 non
2568 2944 2795 3013 ad'mo·

779 3054 940 3125 dum
994 3082 1146 3129 usus
1193 3076 1422 3153 postea
1447 3110 1464 3133 .
1517 3064 1579 3137 A
1616 3061 1952 3147 cardinali
1992 3080 2213 3137 autem
2252 3062 2526 3157 Quirino
2582 3059 2797 3135 maxi-

1463 3288 1955 3319 *mmmmm
1962 3290 2126 3321 m

863 3450 960 3531 (1)
1003 3452 1235 3513 Par-mae
1269 3456 1422 3537 typis
1465 3456 1755 3517 Francisci
1794 3458 1959 3519 Borsi
1996 3480 2130 3519 ann.
2182 3456 2326 3539 1757
2369 3460 2432 3519 in
2470 3464 2527 3535 4.

863 3554 963 3633 (2)
1008 3553 1254 3637 Novelle
1293 3556 1476 3617 letter.
1519 3556 1581 3617 di
1620 3560 1874 3622 Venezia
1906 3582 2047 3620 nnn.
2098 3563 2246 3640 1748
2290 3580 2421 3643 pag.
2472 3560 2600 3619 118.
2638 3558 2790 3627 δῖοι.

781 3660 966 3724 letter.
1009 3660 1068 3723 d’
1089 3661 1253 3721 Italia
1289 3663 1425 3727 vol.
1466 3666 1496 3723 Ι
1531 3686 1661 3746 pag.
1705 3668 1842 3729 232.
1882 3688 2001 3727 ece.

859 3770 959 3849 (5)
997 3767 1244 3831 Novelle
1281 3769 1463 3832 letter.
1505 3770 1564 3830 di
1604 3764 1839 3833 Fire'nze
1876 3794 2012 3833 ann.
2064 3776 2211 3855 1746
2250 3774 2362 3834 eol.
2408 3775 2543 3854 782.
2582 3791 2613 3832 e
2654 3792 2797 3839 ann.

787 3874 937 3965 ¹75⁰
969 3872 1086 3943 col.
1121 3878 1243 3941 218
1279 3896 1312 3941 ο
1349 3873 1490 3943 552.
1535 3876 1921 3945 Mauuchelli
1958 3880 2099 3949 Vol.
2138 3882 2198 3945 11
2238 3883 2305 3945 P.
2342 3882 2371 3942 1
2410 3900 2539 3971 pag.
2580 3884 2723 3965 449·
