3125 4975
795 306 930 392 506
1704 360 1711 369 .
1750 324 1921 387 vim

793 458 1124 548 optimum
1161 442 1524 531 studiorum
1582 454 1935 544 praecipue
1970 451 2323 525 Seminarii
2368 451 2661 546 regimen
2704 470 2859 528 ere»

797 576 984 643 (leret
1017 587 1418 663 oppottuna‚
1459 569 1677 659 iisque
1702 554 1705 559 ¹
1732 568 2001 637 titulum
2034 566 2208 639 huuc
2246 568 2593 661 praefixit:
2658 570 2845 645 com

797 686 1197 761 siderazioni
1229 712 1426 780 sopra
1467 683 1522 756 il
1568 686 1975 773 seminario.

893 810 1143 878 Iisdem
1197 807 1280 877 de
1335 808 1554 877 causis
1612 826 1651 875 a
1712 803 2075 876 triumviris
2110 802 2450 878 litterariis
2496 802 2787 877 obtinuit
2812 852 2841 895 5

801 944 885 989 ne
941 920 1014 989 in
1067 921 1445 1012 theologum
1489 920 1933 995 consultorem
1990 919 2391 1011 reipublicae
2436 920 2791 1012 eligeretur
2810 958 2835 993 ι

799 1034 1158 1104 Recusavit
1201 1034 1406 1105 etiam
1471 1035 1767 1131 oblatum
1806 1058 1847 1105 a
1884 1034 2221 1105 canonicis
2268 1034 2831 1125 opitergienoibus

805 1148 1198 1219 decanatum
1219 1201 1241 1233 ,
1281 1171 1404 1217 nec
1441 1172 1675 1239 passus
1714 1166 1816 1218 est
1854 1172 1925 1217 se
1966 1148 2329 1233 renuntiari
2366 1149 2837 1241 archipresb?

799 1276 1014 1331 terum
1067 1262 1579 1333 lendinariensis
1600 1286 1607 1291 ·
1632 1264 1953 1335 eeclesiae
1985 1312 2003 1331 .
2062 1261 2309 1357 Aiebat
2363 1264 2587 1351 mxim,
2628 1288 2701 1333 se
2736 1263 2831 1336 ad

803 1381 971 1451 haee
1009 1404 1280 1453 munera
1315 1381 1601 1451 minime
1638 1406 1677 1451 a
1715 1385 1863 1453 Deo
1900 1382 2154 1452 vocari.

886 1496 1332 1579 Communem
1383 1495 1556 1565 hanc
1602 1494 2169 1569 existimationem
2204 1496 2271 1567 ei
2316 1494 2835 1593 conciliavetant

801 1610 944 1705 ejus
999 1638 1237 1706 opera,
1275 1636 1442 1706 quae
1481 1610 1895 1705 prodiet-anu
1944 1618 2046 1683 Ex
2084 1614 2189 1683 his
2226 1613 2358 1683 alia
2392 1613 2599 1685 latina
2636 1629 2841 1699 sunt,

763 1724 930 1797 alia
985 1729 1188 1815 itala3
1244 1728 1458 1797 soluta
1521 1726 1693 1810 alia,
1736 1725 1871 1793 alia
1926 1724 2123 1793 certis
2180 1724 2487 1795 conclusa
2540 1726 2833 1812 pedibus

791 1862 859 1914 et
895 1844 1250 1940 mensutis.
1283 1846 1478 1913 Anno
1505 1844 1679 1913 1305
1718 1842 1941 1911 editae
1978 1858 2132 1929 sunt
2168 1840 2349 1911 illius
2384 1840 2589 1911 italae
2636 1839 2843 1915 fami·

793 1960 990 2033 liares
1023 1958 1379 2048 epistolae3
1410 1958 1755 2049 plerasque
1772 1974 1961 2028 ornat
1997 1975 2225 2049 arguta
2246 1952 2535 2028 brevitas
2570 1974 2640 2027 et
2676 1984 2839 2029 eon-

795 2070 1080 2140 cinnitas
1102 2123 1117 2139 .
1159 2072 1284 2141 His
1319 2071 1728 2141 clarissimus
1778 2072 1881 2140 vit
1940 2072 2229 2143 Iacobus
2278 2072 2631 2142 Motellius
2684 2073 2827 2144 divi

791 2189 1010 2258 Marci
1071 2188 1520 2261 bibliothecae
1553 2193 1809 2276 eustos,
1846 2206 1917 2282 et
1968 2190 2305 2276 Lasteaio‚
2344 2190 2503 2259 dum
2540 2191 2825 2279 viveret,

791 2305 1238 2383 amicissimus
1281 2310 1538 2400 praeire
1592 2311 1802 2379 voluit
1854 2310 2153 2403 ejusdem
2190 2309 2403 2379 vitam
2450 2334 2495 2378 a
2534 2333 2823 2392 seaecu..

791 2430 1128 2500 intissime
1198 2425 1536 2522 scriptam.
1578 2431 1709 2502 Sed
1746 2454 1833 2504 ne
1884 2431 2153 2524 longum
2178 2427 2463 2512 faciam,
2502 2426 2588 2499 de
2626 2428 2821 2501 illius

797 2548 1092 2618 moribus
1127 2571 1334 2640 pauca
1365 2545 1715 2637 subjiciam
1742 2599 1757 2613 .

875 2667 1028 2736 Fuit
1063 2669 1288 2756 itaque
1339 2667 1607 2755 ingenio
1644 2681 1833 2732 acuto
1870 2687 2131 2754 prorsus
2176 2679 2246 2733 et
2288 2664 2639 2754 expedito,
2689 2659 2816 2735 ali-

793 2786 1056 2875 quando
1108 2785 1312 2852 etiam
1365 2793 1493 2850 non
1535 2783 1705 2850 nihil
1743 2781 1922 2868 acri3
1956 2781 2177 2853 animo
2234 2781 2598 2853 liberaliter
2633 2782 2821 2854 insti-

791 2916 974 2985 tuto,
1011 2927 1051 2970 a
1089 2897 1236 2969 fuco
1259 2953 1280 2984 ‚
1319 2927 1357 2968 a
1394 2898 1564 2968 fastu
1586 2955 1607 2984 ,
1642 2900 1725 2969 ab
1762 2903 2199 2972 ostentatione
2226 2921 2479 2974 remoto
2503 2955 2521 2973 .
2566 2905 2819 2995 Magna

795 3035 938 3087 erat
983 3015 1273 3086 hominis
1327 3015 1701 3110 jucunditas
1738 3019 1965 3090 sociali
2020 3021 2101 3104 in,
2144 3039 2373 3107 coetu,
2408 3022 2551 3116 ejus
2600 3047 2823 3092 sermo

787 3133 1012 3221 lepore
1049 3130 1298 3202 urbano
1349 3128 1555 3223 quasi·
1597 3134 1735 3202 sale
1774 3157 2116 3223 aspersus3
2154 3135 2334 3205 idem
2374 3135 2583 3204 comis
2619 3137 2690 3205 in
2740 3161 2817 3205 o-

791 3269 980 3315 mnes
1003 3300 1020 3332 ,
1045 3247 1370 3318 officiosus
1393 3300 1410 3317 .
1451 3251 1673 3338 Quare
1710 3248 1938 3316 multis
1976 3265 2117 3317 erat
2146 3267 2482 3338 aceeptus,
2508 3250 2815 3320 omnibus

789 3385 1030 3452 magno
1067 3362 1137 3430 in
1195 3365 1405 3453 pretio
1456 3387 1539 3431 ex
1577 3361 1887 3454 opinione
1927 3353 2259 3432 doetrinae
2287 3414 2304 3432 .
2344 3364 2451 3434 Ab
2498 3365 2641 3458 ejus
2688 3381 2820 3434 stu-

788 3472 902 3544 dio
939 3498 1072 3544 non
1101 3478 1443 3563 molestia,
1475 3501 1605 3545 non
1632 3476 1820 3546 labor
1858 3501 2011 3546 eum
2064 3476 2418 3546 avocabat.
2470 3482 2549 3548 In
2584 3479 2817 3570 juven-

793 3607 1004 3664 tutem
1035 3596 1506 3668 instituendam
1545 3598 1913 3668 maximam
1944 3597 2121 3668 vitae
2152 3613 2411 3688 partem
2460 3599 2817 3690 insumpsit

787 3710 1230 3786 libentissime
1251 3770 1268 3788 .

863 3831 970 3898 De
1000 3829 1367 3902 seminario
1403 3831 1839 3922 patavino,in
1876 3855 2005 3922 quo
2040 3831 2211 3902 altus
2241 3849 2309 3902 et
2334 3832 2678 3920 educatus,
2700 3830 2815 3902 ali-

790 3943 866 4018 bi
917 3945 1134 4020 minus
1194 3947 1583 4042 quandoque
1643 3947 2045 4036 honorifice,
2094 3943 2257 4020 alibi
2296 3945 2617 4019 meminit
2668 3971 2814 4020 cum
