3125 4975
2094 366 2099 374 ·
2118 348 2367 402 xxxva

321 482 656 561 tempora,
691 464 1004 537 videlieet
1035 464 1230 535 unius
1275 479 1534 533 tantum
1580 462 1827 533 saeculi
1867 465 2123 553 spatio,
2166 465 2361 533 multi

322 588 763 670 exstiterunt,
800 586 872 652 in
910 582 1152 675 quibus
1192 577 1794 651 commemorandis
1820 632 1839 664 ‚
1878 596 1945 647 et
1983 581 2055 647 in
2088 605 2367 670 quorum

320 708 590 777 dotibus
632 704 972 795 animique
1013 700 1447 793 qualitatihus
1469 699 1878 791 exponendis
1914 700 2191 767 Ferrarii
2236 716 2372 769 stu-

321 822 510 890 dium
559 837 630 890 et
667 818 988 887 industria
1029 818 1452 909 splendescer
1475 833 1542 885 et
1567 818 1593 885 ?
1617 820 1719 885 Ex
1742 840 1871 907 quo
1906 833 2126 885 autem
2156 817 2239 885 de
2278 817 2376 884 in-

331 939 642 1009 stitutore
681 936 1156 1019 meritissimo,
1223 951 1292 1003 et
1357 951 1631 1023 parente
1695 934 1947 1023 optimo
2006 933 2369 1031 ‘magnifice

335 1050 750 1141 praedicavit
781 1102 800 1136 ‚
839 1050 1150 1119 continuo
1187 1046 1290 1117 aui
1351 1036 1653 1117 muneris
1714 1070 1857 1115 esse
1912 1044 2233 1139 judicavit
2286 1046 2370 1117 de

331 1163 634 1257 ejusdem
674 1163 998 1247 alumnis,
1046 1176 1115 1231 et
1178 1183 1385 1252 prope
1425 1160 1581 1229 filiis
1640 1159 2149 1228 commentarios
2204 1186 2360 1252 per.

337 1278 656 1361 scribere,
683 1298 1043 1365 eorumque
1063 1296 1196 1341 non
1233 1273 1575 1365 ingenium
1616 1272 1811 1341 modo
1842 1295 1919 1341 ae
1958 1273 2322 1343 doctrinam
2343 1328 2366 1362 ‚

341 1416 576 1464 verum
625 1396 832 1463 etiam
881 1416 1098 1461 mores
1135 1408 1204 1461 et
1237 1391 1627 1481 praesertim
1688 1391 2077 1482 religionem
2134 1392 2218 1461 ad
2272 1392 2365 1461 le·-

362 1509 662 1597 gentium
699 1507 1053 1575 utilitatem
1089 1505 1367 1573 notando
1406 1504 1790 1574 observare.

445 1620 847 1691 Michaelem
888 1619 1108 1709 itaque
1150 1618 1428 1687 Verium
1469 1619 1538 1686 in
1581 1618 1812 1708 primis
1860 1617 2049 1689 nobis
2090 1619 2365 1690 exhibet

347 1732 738 1803 eruditarum
783 1733 1152 1823 linguarum
1225 1729 1705 1823 peritissimum
1764 1735 2349 1827 acutissimamque

335 1849 844 1941 philosophum3
901 1854 1216 1921 Marcum
1283 1850 1647 1925 Antonium
1713 1853 2074 1922 Ferratium
2132 1852 2362 1925 multis

331 1961 520 2035 effert
579 1964 886 2035 laudibus
933 1989 1066 2033 non
1127 1981 1458 2034 oratorum
1537 1966 1769 2051 modo,
1831 1967 1947 2039 sed
2010 1986 2352 2057 poetarum

333 2081 532 2149 etiam
569 2078 923 2149 latinorum
967 2078 1399 2168 interpretem
1459 2080 1837 2166 eximium3
1903 2097 2091 2148 ornat
2151 2097 2350 2171 atque

327 2198 616 2268 illustrat
649 2196 1072 2267 Franciscum
1120 2197 1440 2269 Canalem
1482 2220 1720 2291 magna
1780 2198 2168 2267 instructum
2208 2199 2344 2267 lin..

337 2339 610 2405 guarum
651 2314 970 2401 scientia3
1005 2315 1322 2385 Jacohum
1361 2316 1779 2385 Jacobettum
1820 2315 1891 2383 in
1951 2314 2198 2406 graecis
2235 2318 2354 2387 lit-

338 2427 496 2498 teris
533 2424 807 2497 mirifice
846 2429 1174 2498 excultum
1213 2458 1233 2516 3
1270 2430 1592 2501 Jacobum
1658 2432 2098 2503 Facciolatum
2155 2458 2349 2508 aurea

330 2542 717 2634 praesertim
755 2543 1084 2611 latinitate
1124 2560 1254 2613 tota
1307 2549 1566 2635 Europa
1622 2547 2166 2633 celeberrimum3
2224 2551 2348 2620 Se·-

321 2655 700 2727 bastianum
751 2661 1160 2728 Franzonum
1218 2678 1543 2730 oratorem
1593 2662 1864 2752 plenum
1938 2663 2187 2732 roboris
2261 2687 2338 2732 ae

319 2768 704 2859 dignitatis,
743 2772 868 2840 His
905 2773 1204 2865 adjungit
1239 2776 1603 2866 Josephum
1670 2776 1982 2846 Pasinum
2012 2830 2034 2862 ,
2108 2793 2175 2844 et
2212 2777 2345 2845 An-

315 2884 577 2952 tonium
625 2885 1015 2953 Zanolinum
1061 2938 1084 2971 ,
1143 2905 1449 2980 utrosque
1504 2889 1923 2960 orientalium
1992 2889 2343 2980 praecipue

314 3001 694 3094 linguarum
741 3005 1070 3094 exquisita
1125 3009 1490 3079 eruditione
1552 3011 1974 3101 conspicuos;
2024 3013 2351 3082 Marcum

311 3116 682 3188 Antonium
717 3119 1154 3190 'Privellatum
1175 3173 1197 3206 ,
1238 3137 1305 3190 et
1344 3129 1705 3200 Antonium
1761 3127 2172 3214 sandinum,
2210 3130 2340 3200 duo

1005 3355 1673 3392 mmmmm

305 3521 507 3586 studio
548 3534 607 3582 et
640 3541 825 3582 amore
863 3524 926 3583 in
961 3524 1341 3586 Seminarium
1402 3527 1731 3610 patavinum
1753 3574 1772 3605 ,
1812 3525 2025 3591 editum
2067 3533 2218 3615 typis
2278 3555 2341 3596 e-

305 3629 536 3712 jusdem
575 3630 884 3693 seminarii
921 3653 1056 3691 anu.
1107 3635 1258 3712 1798
1306 3634 1369 3694 in
1409 3637 1466 3696 8.
1491 3679 1512 3712 ‚
1551 3649 1609 3696 et
1651 3657 1779 3696 cum
1828 3637 2019 3715 aliqua
2064 3640 2335 3701 emenda·-

307 3737 466 3796 tione
505 3735 640 3795 huie
686 3732 924 3796 editioni
949 3735 1320 3816 praemissum
1355 3758 1486 3818 pag.
1529 3761 1619 3810 r.,
1661 3738 1815 3818 quod
1852 3739 2022 3800 valde
2074 3740 2338 3823 laudagur

308 3865 346 3902 a
391 3842 766 3924 scriptoribus
809 3843 972 3902 delle
1021 3842 1322 3902 Memorio·
1353 3865 1466 3926 per
1504 3839 1726 3906 servir-e
1766 3849 1895 3906 alla
1935 3850 2120 3906 storia
2157 3850 2335 3906 lette·-

307 3960 488 4018 toria
525 3979 560 4018 e
597 3957 776 4016 civile
819 3969 959 4080 αηνιἋῖ
970 3955 1158 4086 *1298
1197 3966 1480 4015 semestre
1517 3953 1569 4015 1.
1616 3953 1695 4016 P.
1738 3953 1825 4016 II.
1858 3973 2003 4036 pag.
2042 3954 2141 4035 95.

1147 4053 1202 4130 a
