3125 4975
1090 364 1394 425 ximus
1431 360 1741 416 msnsn
2244 340 2380 419 301

354 510 562 587 quens
607 506 750 560 erat
785 488 866 559 ad
931 512 1080 561 eum
1137 514 1486 559 ooncursus
1512 540 1530 555 .
1591 490 1715 559 Ille
1760 490 2065 561 omnibus
2114 492 2379 576 aderat,

359 607 476 675 ubi
515 630 676 697 opus
713 619 928 675 essetz
971 626 1252 695 cumque
1290 602 1649 691 plurimum
1686 602 1937 671 valeret
1972 606 2181 694 gratia
2208 604 2386 696 apud

362 722 538 791 viros
577 723 908 814 principes
929 774 950 807 ,
985 723 1140 793 ideo
1175 721 1484 813 plurimis
1519 720 1842 795 auxilium
1898 722 2213 814 praebere
2250 738 2391 816 pot-

363 855 544 921 erat,
580 858 650 907 et
687 834 1056 926 perfugium
1080 888 1096 908 .

454 958 622 1024 Eum
661 968 758 1021 tot
799 952 1132 1041 tantisque
1169 948 1364 1019 rebus
1389 949 1749 1015 distentum
1786 970 2143 1037 numquam
2178 970 2397 1017 amoe-

367 1067 628 1145 niorum
667 1064 1034 1137 studiorum
1069 1063 1290 1151 eoepit
1327 1062 1573 1131 oblivio
1599 1112 1614 1127 .
1640 1062 2115 1130 Identidem-ad
2154 1086 2231 1131 ea
2260 1063 2401 1130 recl-

369 1178 552 1263 ibat,
609 1202 776 1268 quae
832 1194 1014 1251 tanta
1067 1199 1218 1249 cum
1275 1175 1468 1243 laude
1525 1160 1814 1243 coluerat
1848 1198 2109 1265 semper
2164 1193 2397 1248 antea.

370 1289 652 1379 Scripsit
689 1290 896 1362 latina
934 1306 1002 1357 et
1039 1289 1200 1355 itala
1221 1338 1240 1369 ,
1271 1288 1472 1377 ligata
1495 1286 1789 1355 nutrieris
1818 1304 1887 1356 et
1914 1289 2159 1359 soluta.
2178 1294 2398 1378 Quan-

377 1423 516 1478 tum
559 1430 748 1495 porro
787 1407 1034 1473 valeret
1085 1403 1202 1471 ille
1239 1402 1309 1471 in
1349 1402 1534 1493 poesi
1576 1402 1799 1473 italica
1821 1454 1845 1487 ,
1880 1407 2225 1494 perspicue
2249 1431 2399 1477 oon-

378 1533 511 1591 stat
575 1540 662 1591 ex
715 1516 1160 1587 monumentis
1215 1514 1302 1583 ab
1368 1538 1446 1585 eo
1501 1514 1793 1601 relictisg
1832 1540 1916 1585 ex
1970 1518 2402 1607 gratulatione

385 1636 774 1724 praesertim
817 1634 902 1705 ad
937 1636 1260 1707 Joannem
1300 1634 1669 1723 Baptistarn
1706 1635 2055 1714 Corneliae
2088 1638 2299 1727 gentis
2335 1639 2407 1705 in

381 1753 524 1844 ejus
564 1752 852 1841 nuptiis:
901 1774 986 1825 ex
1025 1750 1318 1819 versione
1357 1750 1675 1819 carminis
1720 1776 1759 1819 a
1796 1749 1864 1820 S.
1907 1753 2223 1841 Gregorio
2262 1753 2409 1823 Ne..

377 1849 690 1947 zisnzeno
727 1868 1078 1957 conscripti
1117 1868 1184 1937 in
1227 1868 1490 1941 laudem
1530 1866 1957 1957 Virginitatis
1995 1868 2249 1960 iamdiu
2276 1869 2411 1939 Ve.

385 1983 584 2053 netiis
637 1980 726 2053 ab
780 2004 858 2051 eo
906 1982 1206 2072 vulgata,
1267 2001 1423 2054 eum
1473 1980 1657 2069 virgo
1710 2004 1797 2051 ex
1832 1980 2065 2051 eadem
2106 1980 2413 2055 Cornelia

385 2118 580 2191 gente
618 2102 980 2189 regularem
1021 2099 1512 2169 observantiam
1551 2098 1993 2189 profiteretur.
2034 2100 2251 2186 Quem
2288 2098 2415 2167 uti-

390 2242 550 2293 nam
587 2218 638 2291 ii
675 2218 804 2289 sibi
849 2218 930 2287 ad
967 2217 1370 2291 imitandum
1407 2233 1881 2307 proponerent,
1918 2238 2081 2307 quoe
2114 2215 2417 2306 aliquan..

392 2333 478 2401 do
513 2331 744 2421 nugari
791 2354 920 2403 non
961 2330 1162 2418 pudet
1199 2330 1268 2398 in
1303 2354 1376 2399 re
1413 2331 1801 2419 gravissima
1824 2382 1843 2398 .
1892 2334 2169 2401 Constat
2202 2334 2411 2407 etiam

393 2451 520 2540 (nt
557 2447 688 2520 alia
727 2447 974 2518 similia
1014 2446 1375 2538 omittam)
1413 2470 1498 2520 ex
1551 2447 1851 2518 versione
1899 2448 2119 2522 Publii
2160 2449 2413 2540 Virgi-

391 2566 468 2642 lii
527 2567 884 2651 AEneidos‚
938 2565 1124 2660 eujus
1171 2565 1380 2634 editio
1433 2579 1737 2656 postuma
1763 2615 1779 2632 .

488 2681 674 2767 Quin·
707 2679 1010 2751 diuturno
1045 2679 1246 2748 italae
1287 2701 1558 2769 poeseos
1605 2701 1725 2746 usu
1774 2701 1853 2744 eo
1889 2675 2227 2744 facilitatis
2266 2698 2417 2762 per„

401 2812 702 2881 venerat,
741 2813 813 2866 ut
849 2821 1072 2867 versus
1111 2794 1412 2865 funderet
1439 2795 1637 2888 plen'e
1674 2817 1759 2862 ex
1795 2810 2119 2883 tempore.
2159 2787 2282 2857 Cui
2324 2789 2421 2858 rei

401 2909 730 2980 luculento
779 2925 1156 3003 argumento
1195 2926 1296 2980 est
1333 2933 1573 3000 poema
1612 2907 1698 2977 ab
1744 2930 1825 2976 eo
1876 2921 1945 2974 et
1980 2906 2213 2974 Murco
2260 2907 2422 2974 For..

395 3024 636 3094 cellino
677 3023 812 3092 viro
847 3023 1030 3094 illius
1067 3021 1524 3094 amantissimo
1550 3019 1657 3112 (r)
1696 3035 1965 3110 repente
2014 3015 2233 3086 fusum
2263 3068 2283 3099 ,
2313 3039 2409 3084 -ao

407 3155 634 3227 postea
663 3140 911 3208 editum
943 3139 1012 3208 in
1037 3139 1284 3227 nuptiis
1312 3140 1711 3212 Catharinae
1750 3138 1831 3206 de
1858 3135 2133 3206 Bellatis
2156 3131 2421 3202 feltren-

415 3249 508 3316 sis
547 3251 920 3320 comitissae
944 3301 960 3317 .
987 3250 1252 3320 Soeium
1293 3269 1631 3339 praeterea
1666 3251 1973 3318 eumdem
2012 3246 2244 3315 habuit
2277 3251 2428 3316 For-

414 3363 726 3434 collinum
763 3365 832 3434 in
873 3366 1246 3436 adornanda
1284 3367 1577 3436 editione
1614 3390 1885 3456 operum
1922 3362 2225 3454 Speronii
2264 3364 2425 3454 Spe..

425 3477 566 3558 roni
609 3476 728 3550 viri
769 3477 1134 3549 doctissimi
1159 3501 1368 3567 3quae
1406 3501 1577 3546 anno
1620 3479 1883 3570 174oin
1918 3479 2131 3549 lucem
2170 3479 2421 3578 prolata

400 3617 731 3685 ‚magnam
769 3593 924 3672 iniit
958 3594 1235 3686 gratiam
1277 3597 1362 3664 ab
1397 3596 1671 3665 eruditis
1692 3645 1709 3668 .

1101 3819 1759 3852 mmmmm

505 3969 606 4050 (1)
651 3969 806 4036 Vide
845 3969 968 4054 ejus
1007 3972 1184 4038 vitam
1223 3972 1284 4034 iu
1321 3970 1428 4034 hoe
1462 3971 1747 4036 volumine
1768 4015 1787 4037 .
