3125 4975
566 384 739 440 ms
772 386 981 437 sont.
1026 360 1397 435 mucrsct
1430 380 1811 439 :numer
1845 372 2062 443 caan.
2179 390 2320 467 229

298 512 480 573 catus
540 500 629 571 ad
664 497 1207 569 consuetudinem
1261 495 1553 565 civitatis
1615 512 1684 566 et
1737 502 2072 592 religionis
2128 530 2326 596 prae-

296 616 543 707 scripta
578 612 817 707 primis
854 610 1095 681 litteris
1150 608 1365 680 imbui
1426 610 1682 702 coepit.
1737 614 1896 683 Post
1929 615 2103 687 inter
2153 620 2324 690 Alu-

293 756 487 803 mnos
540 729 895 805 seminarii
936 730 1229 819 patavini
1287 728 1652 820 descriptus
1707 746 1847 817 est3
1895 748 1964 801 et
2015 737 2320 824 quamvis

293 853 471 923 inter
507 850 780 923 delicias
829 864 1007 919 ortus
1024 900 1045 933 ,
1100 851 1309 917 vitam
1357 848 1495 939 egit
1529 868 1680 917 cum
1719 836 1976 919 clericis
2031 851 2320 923 laborio-

290 992 474 1053 sam,
526 982 734 1035 totum
772 986 847 1032 se
886 962 971 1031 ad
1014 962 1317 1031 instituta
1358 959 1552 1053 hujus
1591 961 1720 1030 loci
1770 964 2312 1036 accommodam.
2349 1046 2358 1059 ·

294 1084 421 1156 His
452 1084 753 1183 religiose
784 1081 1145 1151 adhaerens
1164 1078 1476 1150 liberales
1498 1078 1760 1150 abunde
1783 1080 2004 1149 hausit
2031 1080 2326 1175 discipli-

294 1184 417 1272 nas
434 1226 514 1273 ac
542 1226 804 1272 morum
840 1198 1189 1270 scientiam
1212 1250 1233 1283 ,
1272 1220 1441 1289 quae
1488 1198 1628 1268 illis
1665 1198 1920 1288 praeire
1959 1198 2158 1269 debet
2179 1254 2196 1271 .
2235 1205 2317 1273 In

292 1305 569 1409 utroque
594 1316 835 1387 studiis
874 1316 1067 1385 valde
1101 1336 1480 1405 progressus
1504 1336 1888 1408 magnarum
1924 1340 2142 1388 rerum
2175 1318 2320 1389 fun-

294 1435 609 1505 damenta
646 1433 891 1525 jecerat
918 1484 940 1517 ‚
978 1456 1127 1501 cum
1164 1432 1236 1500 in
1284 1431 1568 1522 patriam
1607 1432 1864 1505 rediens
1910 1435 2316 1526 reipublicae

292 1571 369 1617 se
407 1569 479 1617 se
517 1545 812 1621 addixit.
836 1546 1193 1638 Explorata
1229 1559 1297 1614 et
1332 1546 1596 1635 cognita
1630 1545 1810 1617 illius
1858 1549 2186 1634 sollertia,
2226 1551 2312 1621 ad

296 1658 595 1750 amplum
652 1658 875 1750 magni
916 1710 939 1743 ,
1005 1674 1075 1727 ut
1144 1656 1329 1752 ajunt
1351 1709 1373 1741 ,
1421 1657 1755 1749 Sapientis
1817 1685 2053 1733 munus
2110 1664 2316 1733 adsci-

293 1776 534 1860 scitur,
573 1798 648 1845 ac
684 1798 817 1843 non
864 1774 1073 1843 semel
1113 1773 1493 1866 designatur
1526 1791 1741 1844 orator
1786 1777 1872 1848 ad
1907 1778 2314 1849 Ludovicum

291 1890 465 1961 xlv
505 1888 873 1960 Galliarum
911 1910 1176 1979 regem.

378 2005 513 2077 Sed
548 2005 663 2075 ille
700 2006 833 2075 alio
870 2004 1219 2097 spectabat
1256 2030 1295 2074 a
1332 2007 1479 2077 Deo
1514 2023 1782 2077 vocatus
1803 2060 1820 2076 .
1861 2011 2080 2099 Quare
2127 2027 2315 2102 post-

287 2116 539 2189 habitis
578 2120 853 2189 terrenis
890 2120 1065 2189 curis
1084 2172 1105 2205 ‚
1130 2119 1501 2189 clericalem
1542 2120 1862 2190 militiam
1899 2124 2126 2191 statim
2163 2146 2314 2193 am-

286 2236 523 2326 plexus
558 2252 697 2305 est.
735 2236 929 2305 Brevi
964 2236 1035 2303 in
1076 2233 1529 2325 primicerium
1569 2236 1750 2307 aedis
1787 2238 2160 2309 marcianae
2195 2241 2316 2311 eli-

288 2352 505 2443 gitur,
542 2368 690 2442 post
724 2352 1059 2423 extollitur
1088 2332 1178 2425 'ad
1236 2354 1501 2423 altiores
1564 2377 1854 2445 quosque
1909 2356 2313 2427 ecclesiasti..

288 2495 409 2542 cae
447 2470 785 2576 dignitatis
823 2471 1095 2562 gradus.
1137 2470 1245 2542 Ab
1296 2472 1681 2541 Innocentio
1735 2473 1872 2542 XII
1927 2495 2080 2543 ann.
2137 2476 2314 2571 1697

288 2591 676 2680 subrogatur
726 2590 921 2658 Petro
970 2591 1222 2660 Leonio
1282 2592 1586 2660 Veronae
1624 2589 1908 2658 antistiti
1966 2590 2104 2660 vita
2157 2591 2312 2661 fun-

284 2724 431 2795 cto;
456 2732 626 2778 anno
665 2723 887 2778 autem
940 2711 1112 2800 1714
1146 2707 1551 2778 aClemente
1591 2711 1692 2778 XI
1727 2707 2073 2778 brixianae
2109 2708 2314 2778 eccle-

295 2821 436 2892 siae
477 2819 885 2912 praeficitur,
946 2820 1031 2890 ab
1070 2822 1303 2918 eodem
1341 2845 1458 2891 sex
1512 2847 1717 2892 annos
1761 2839 1910 2914 post
1947 2821 2320 2892 Cardinalis

282 2957 538 3012 creatus
576 2940 686 3010 die
730 2961 823 3034 29
878 2939 1279 3010 Novembris
1318 2965 1468 3010 ann.
1536 2967 1710 3037 1719
1749 2943 1780 3032 (
1811 2941 1986 3034 quod
2039 2940 2309 3033 quidem

282 3081 460 3129 anno
516 3073 773 3128 tantum
828 3073 1143 3148 sequente
1191 3058 1476 3129 innotuit
1518 3063 1730 3151 pridie
1764 3060 1907 3129 Cal.
1938 3059 2309 3152 Octobris),

284 3191 359 3244 et
394 3173 479 3243 ab
516 3175 694 3245 illius
732 3199 1103 3247 successore
1138 3178 1524 3246 Innocentio
1572 3181 1742 3246 XIII
1797 3201 1949 3247 ann.
1997 3179 2168 3268 1723
2224 3177 2312 3249 ad

282 3288 728 3380 episcopalem
782 3289 1163 3383 patavinam
1210 3292 1438 3361 sedem
1485 3289 1894 3360 transfertur.
1929 3289 2038 3359 Sic
2089 3283 2308 3380 'plures

284 3407 639 3479 Pontifices
674 3411 745 3479 in
790 3410 907 3480 illo
954 3409 1247 3480 ornando
1284 3433 1507 3481 secum
1524 3461 1549 3495 ‚
1595 3423 1671 3478 ut
1726 3408 1822 3478 ita
1862 3407 2120 3498 dicam,
2176 3433 2310 3480 cer-

289 3542 512 3598 fflmnt
530 3579 548 3596 .

377 3641 647 3734 Ubique
683 3641 802 3714 ille
840 3641 911 3712 in
950 3631 1263 3734 pastorali
1307 3665 1461 3712 cura
1519 3637 1824 3712 obeunda
1871 3638 2153 3712 fideliter
2196 3640 2307 3711 in-

286 3751 559 3825 haerere
594 3756 891 3848 vestigiis
928 3759 1160 3826 statuit
1194 3781 1233 3827 a
1272 3771 1503 3850 patruo
1538 3753 1884 3845 impressis
1930 3755 2014 3825 ad
2047 3755 2317 3828 immor-

284 3871 493 3942 talem
528 3875 919 3946 memoriam
957 3873 1307 3968 temporis.
1345 3873 1452 3943 De
1488 3871 1740 3964 optima
1774 3871 1846 3938 in
1883 3871 2118 3962 primis
2169 3873 2305 3942 cle-

280 3986 567 4063 ricorum
630 3992 1047 4064 institutione
1104 3990 1427 4066 sollicitus
1480 3989 1728 4066 iisdem
1769 3987 2160 4084 invigilabat
2205 4003 2312 4080 at}
