<?xml version="1.0" encoding="UTF-8"?>
<!DOCTYPE html PUBLIC "-//W3C//DTD XHTML 1.0 Transitional//EN"
    "http://www.w3.org/TR/xhtml1/DTD/xhtml1-transitional.dtd">
<html xmlns="http://www.w3.org/1999/xhtml" xml:lang="en" lang="en">
 <head>
  <title>
</title>
<meta http-equiv="Content-Type" content="text/html;charset=utf-8" />
  <meta name='ocr-system' content='tesseract 3.04.00' />
  <meta name='ocr-capabilities' content='ocr_page ocr_carea ocr_par ocr_line ocrx_word'/>
</head>
<body>
  <div class='ocr_page' id='page_1' title='image "./vitaevirorumill01melagoog_0203.png"; bbox 0 0 3125 4975; ppageno 0'>
   <div class='ocr_carea' id='block_1_1' title="bbox 754 276 1870 408">
    <p class='ocr_par' dir='ltr' id='par_1_1' title="bbox 754 276 1870 408">
     <span class='ocr_line' id='line_1_1' title="bbox 754 276 1870 408; baseline 0.002 -2"><span class='ocrx_word' id='word_1_1' title='bbox 754 276 887 407; x_wconf 51' lang='lat'>{56</span> <span class='ocrx_word' id='word_1_2' title='bbox 1639 402 1646 408; x_wconf 89' lang='lat'>.</span> <span class='ocrx_word' id='word_1_3' title='bbox 1701 340 1870 393; x_wconf 57' lang='lat' dir='ltr'>VITA</span> 
     </span>
    </p>
   </div>
   <div class='ocr_carea' id='block_1_2' title="bbox 750 464 2814 3222">
    <p class='ocr_par' dir='ltr' id='par_1_2' title="bbox 752 464 2782 678">
     <span class='ocr_line' id='line_1_2' title="bbox 752 464 2782 569; baseline -0.005 -19"><span class='ocrx_word' id='word_1_4' title='bbox 752 502 901 549; x_wconf 81' lang='lat' dir='ltr'>rum</span> <span class='ocrx_word' id='word_1_5' title='bbox 936 490 1195 547; x_wconf 85' lang='lat' dir='ltr'>coetum</span> <span class='ocrx_word' id='word_1_6' title='bbox 1234 470 1557 542; x_wconf 85' lang='lat' dir='ltr'>admissus</span> <span class='ocrx_word' id='word_1_7' title='bbox 1595 467 1680 539; x_wconf 90' lang='lat' dir='ltr'>ab</span> <span class='ocrx_word' id='word_1_8' title='bbox 1718 467 1951 537; x_wconf 89' lang='lat' dir='ltr'>eodem</span> <span class='ocrx_word' id='word_1_9' title='bbox 1987 464 2330 537; x_wconf 83' lang='lat' dir='ltr'>Cardinali</span> <span class='ocrx_word' id='word_1_10' title='bbox 2359 466 2536 541; x_wconf 86' lang='lat' dir='ltr'>inter</span> <span class='ocrx_word' id='word_1_11' title='bbox 2573 474 2782 569; x_wconf 75' lang='lat' dir='ltr'>magi..</span> 
     </span>
     <span class='ocr_line' id='line_1_3' title="bbox 754 578 2276 678; baseline -0.009 -17"><span class='ocrx_word' id='word_1_12' title='bbox 754 608 923 661; x_wconf 84' lang='lat' dir='ltr'>stros</span> <span class='ocrx_word' id='word_1_13' title='bbox 958 586 1317 661; x_wconf 85' lang='lat' dir='ltr'>Seminarii</span> <span class='ocrx_word' id='word_1_14' title='bbox 1356 584 1549 678; x_wconf 83' lang='lat' dir='ltr'>hujus</span> <span class='ocrx_word' id='word_1_15' title='bbox 1587 583 1952 674; x_wconf 76' lang='lat' dir='ltr'>excipitur.</span> <span class='ocrx_word' id='word_1_16' title='bbox 2267 578 2276 589; x_wconf 69' lang='lat'><strong><em>⁴</em></strong></span> 
     </span>
    </p>

    <p class='ocr_par' dir='ltr' id='par_1_3' title="bbox 751 699 2814 2157">
     <span class='ocr_line' id='line_1_4' title="bbox 846 699 2787 795; baseline 0.001 -16"><span class='ocrx_word' id='word_1_17' title='bbox 846 707 1039 779; x_wconf 83' lang='lat' dir='ltr'><strong>Brevi</strong></span> <span class='ocrx_word' id='word_1_18' title='bbox 1060 705 1321 777; x_wconf 80' lang='lat' dir='ltr'>evoluto</span> <span class='ocrx_word' id='word_1_19' title='bbox 1358 703 1578 795; x_wconf 90' lang='lat' dir='ltr'>spatio</span> <span class='ocrx_word' id='word_1_20' title='bbox 1595 754 1614 787; x_wconf 91' lang='lat'><strong>,</strong></span> <span class='ocrx_word' id='word_1_21' title='bbox 1643 700 1727 773; x_wconf 83' lang='lat' dir='ltr'>ab</span> <span class='ocrx_word' id='word_1_22' title='bbox 1754 699 2253 771; x_wconf 79' lang='lat' dir='ltr'>humanioribus</span> <span class='ocrx_word' id='word_1_23' title='bbox 2290 701 2534 774; x_wconf 80' lang='lat' dir='ltr'>litteris</span> <span class='ocrx_word' id='word_1_24' title='bbox 2572 707 2658 777; x_wconf 79' lang='lat' dir='ltr'>ad</span> <span class='ocrx_word' id='word_1_25' title='bbox 2685 732 2787 781; x_wconf 77' lang='lat' dir='ltr'>re-</span> 
     </span>
     <span class='ocr_line' id='line_1_5' title="bbox 751 808 2814 909; baseline 0.002 -20"><span class='ocrx_word' id='word_1_26' title='bbox 751 820 1023 890; x_wconf 81' lang='lat' dir='ltr'>condita</span> <span class='ocrx_word' id='word_1_27' title='bbox 1075 808 1491 889; x_wconf 77' lang='lat' dir='ltr'>orientalium</span> <span class='ocrx_word' id='word_1_28' title='bbox 1528 816 1899 908; x_wconf 83' lang='lat' dir='ltr'>linguarum</span> <span class='ocrx_word' id='word_1_29' title='bbox 1953 814 2174 884; x_wconf 86' lang='lat' dir='ltr'>studia</span> <span class='ocrx_word' id='word_1_30' title='bbox 2227 818 2650 909; x_wconf 74' lang='lat' dir='ltr'>transfertur-3</span> <span class='ocrx_word' id='word_1_31' title='bbox 2695 840 2770 895; x_wconf 82' lang='lat' dir='ltr'>ut</span> <span class='ocrx_word' id='word_1_32' title='bbox 2804 856 2814 868; x_wconf 48' lang='lat'><em>³</em></span> 
     </span>
     <span class='ocr_line' id='line_1_6' title="bbox 752 933 2772 1029; baseline -0.002 -23"><span class='ocrx_word' id='word_1_33' title='bbox 752 961 883 1029; x_wconf 83' lang='lat' dir='ltr'>qua</span> <span class='ocrx_word' id='word_1_34' title='bbox 926 936 997 1006; x_wconf 89' lang='lat' dir='ltr'>in</span> <span class='ocrx_word' id='word_1_35' title='bbox 1038 936 1363 1027; x_wconf 84' lang='lat' dir='ltr'>palaestra</span> <span class='ocrx_word' id='word_1_36' title='bbox 1416 935 1561 1026; x_wconf 87' lang='lat' dir='ltr'>ipse</span> <span class='ocrx_word' id='word_1_37' title='bbox 1597 933 1854 1027; x_wconf 77' lang='lat' dir='ltr'>jamdiu</span> <span class='ocrx_word' id='word_1_38' title='bbox 1889 956 2034 1003; x_wconf 81' lang='lat' dir='ltr'>sese</span> <span class='ocrx_word' id='word_1_39' title='bbox 2081 952 2466 1005; x_wconf 84' lang='lat' dir='ltr'>exercuerat</span> <span class='ocrx_word' id='word_1_40' title='bbox 2489 989 2510 1021; x_wconf 87' lang='lat'>,</span> <span class='ocrx_word' id='word_1_41' title='bbox 2547 937 2619 1006; x_wconf 86' lang='lat' dir='ltr'>in</span> <span class='ocrx_word' id='word_1_42' title='bbox 2657 964 2772 1010; x_wconf 88' lang='lat' dir='ltr'>ea..</span> 
     </span>
     <span class='ocr_line' id='line_1_7' title="bbox 752 1046 2770 1146; baseline 0 -24"><span class='ocrx_word' id='word_1_43' title='bbox 752 1054 905 1123; x_wconf 84' lang='lat' dir='ltr'>dem</span> <span class='ocrx_word' id='word_1_44' title='bbox 946 1069 1014 1120; x_wconf 90' lang='lat' dir='ltr'>et</span> <span class='ocrx_word' id='word_1_45' title='bbox 1052 1051 1217 1120; x_wconf 91' lang='lat' dir='ltr'>alios</span> <span class='ocrx_word' id='word_1_46' title='bbox 1256 1046 1549 1119; x_wconf 87' lang='lat' dir='ltr'>docendo</span> <span class='ocrx_word' id='word_1_47' title='bbox 1606 1064 1907 1117; x_wconf 83' lang='lat' dir='ltr'>exerceat</span> <span class='ocrx_word' id='word_1_48' title='bbox 1927 1098 1946 1117; x_wconf 89' lang='lat'><strong>.</strong></span> <span class='ocrx_word' id='word_1_49' title='bbox 1999 1048 2266 1137; x_wconf 84' lang='lat' dir='ltr'>Quanta</span> <span class='ocrx_word' id='word_1_50' title='bbox 2300 1048 2577 1121; x_wconf 87' lang='lat' dir='ltr'>Pasinus</span> <span class='ocrx_word' id='word_1_51' title='bbox 2631 1052 2770 1146; x_wconf 82' lang='lat' dir='ltr'>jam</span> 
     </span>
     <span class='ocr_line' id='line_1_8' title="bbox 753 1160 2769 1259; baseline -0 -23"><span class='ocrx_word' id='word_1_52' title='bbox 753 1182 895 1235; x_wconf 87' lang='lat' dir='ltr'>tum</span> <span class='ocrx_word' id='word_1_53' title='bbox 928 1162 1251 1259; x_wconf 79' lang='lat' dir='ltr'>ejusmodi</span> <span class='ocrx_word' id='word_1_54' title='bbox 1290 1185 1505 1232; x_wconf 86' lang='lat' dir='ltr'>rerum</span> <span class='ocrx_word' id='word_1_55' title='bbox 1544 1162 1916 1253; x_wconf 79' lang='lat' dir='ltr'><strong>cognitione</strong></span> <span class='ocrx_word' id='word_1_56' title='bbox 1953 1160 2306 1231; x_wconf 77' lang='lat' dir='ltr'>excelleret</span> <span class='ocrx_word' id='word_1_57' title='bbox 2325 1215 2345 1245; x_wconf 85' lang='lat'><strong>,</strong></span> <span class='ocrx_word' id='word_1_58' title='bbox 2369 1162 2769 1251; x_wconf 58' lang='lat' dir='ltr'>demonstra·</span> 
     </span>
     <span class='ocr_line' id='line_1_9' title="bbox 754 1275 2772 1371; baseline -0.002 -22"><span class='ocrx_word' id='word_1_59' title='bbox 754 1279 860 1351; x_wconf 80' lang='lat' dir='ltr'>hit</span> <span class='ocrx_word' id='word_1_60' title='bbox 896 1293 1158 1371; x_wconf 84' lang='lat' dir='ltr'>aperte,</span> <span class='ocrx_word' id='word_1_61' title='bbox 1206 1276 1381 1367; x_wconf 85' lang='lat' dir='ltr'>quod</span> <span class='ocrx_word' id='word_1_62' title='bbox 1442 1300 1600 1345; x_wconf 80' lang='lat' dir='ltr'>mox</span> <span class='ocrx_word' id='word_1_63' title='bbox 1643 1276 1860 1345; x_wconf 86' lang='lat' dir='ltr'>dicam</span> <span class='ocrx_word' id='word_1_64' title='bbox 1883 1326 1899 1343; x_wconf 92' lang='lat'><strong>.</strong></span> <span class='ocrx_word' id='word_1_65' title='bbox 1956 1275 2346 1345; x_wconf 85' lang='lat' dir='ltr'>Litterariae</span> <span class='ocrx_word' id='word_1_66' title='bbox 2399 1276 2772 1367; x_wconf 79' lang='lat' dir='ltr'>ephemeri·</span> 
     </span>
     <span class='ocr_line' id='line_1_10' title="bbox 757 1392 2762 1489; baseline -0.001 -21"><span class='ocrx_word' id='word_1_67' title='bbox 757 1399 874 1469; x_wconf 88' lang='lat' dir='ltr'>des</span> <span class='ocrx_word' id='word_1_68' title='bbox 913 1396 1015 1489; x_wconf 86' lang='lat'>(1)</span> <span class='ocrx_word' id='word_1_69' title='bbox 1063 1395 1373 1465; x_wconf 84' lang='lat' dir='ltr'>italorum</span> <span class='ocrx_word' id='word_1_70' title='bbox 1426 1395 1818 1485; x_wconf 85' lang='lat' dir='ltr'>scriptorum</span> <span class='ocrx_word' id='word_1_71' title='bbox 1858 1417 2058 1483; x_wconf 87' lang='lat' dir='ltr'>opera</span> <span class='ocrx_word' id='word_1_72' title='bbox 2111 1392 2504 1481; x_wconf 81' lang='lat' dir='ltr'>referentes,</span> <span class='ocrx_word' id='word_1_73' title='bbox 2555 1395 2762 1465; x_wconf 80' lang='lat' dir='ltr'>multa</span> 
     </span>
     <span class='ocr_line' id='line_1_11' title="bbox 754 1503 2768 1601; baseline 0 -20"><span class='ocrx_word' id='word_1_74' title='bbox 754 1536 904 1582; x_wconf 85' lang='lat' dir='ltr'>cum</span> <span class='ocrx_word' id='word_1_75' title='bbox 944 1503 1138 1579; x_wconf 82' lang='lat' dir='ltr'>{aude</span> <span class='ocrx_word' id='word_1_76' title='bbox 1184 1524 1553 1579; x_wconf 84' lang='lat' dir='ltr'>memorant</span> <span class='ocrx_word' id='word_1_77' title='bbox 1587 1508 1832 1578; x_wconf 87' lang='lat' dir='ltr'>librum</span> <span class='ocrx_word' id='word_1_78' title='bbox 1858 1560 1880 1593; x_wconf 90' lang='lat'><em>‚</em></span> <span class='ocrx_word' id='word_1_79' title='bbox 1905 1530 2104 1597; x_wconf 87' lang='lat' dir='ltr'>quem</span> <span class='ocrx_word' id='word_1_80' title='bbox 2140 1509 2466 1599; x_wconf 86' lang='lat' dir='ltr'>Josephus</span> <span class='ocrx_word' id='word_1_81' title='bbox 2503 1534 2618 1601; x_wconf 87' lang='lat' dir='ltr'>per</span> <span class='ocrx_word' id='word_1_82' title='bbox 2655 1534 2768 1581; x_wconf 88' lang='lat' dir='ltr'>eos</span> 
     </span>
     <span class='ocr_line' id='line_1_12' title="bbox 757 1614 2770 1721; baseline 0.001 -23"><span class='ocrx_word' id='word_1_83' title='bbox 757 1626 899 1699; x_wconf 85' lang='lat' dir='ltr'>dies</span> <span class='ocrx_word' id='word_1_84' title='bbox 939 1624 1291 1699; x_wconf 77' lang='lat' dir='ltr'>seminarii</span> <span class='ocrx_word' id='word_1_85' title='bbox 1341 1626 1633 1717; x_wconf 81' lang='lat' dir='ltr'>patavini</span> <span class='ocrx_word' id='word_1_86' title='bbox 1675 1626 1853 1717; x_wconf 84' lang='lat' dir='ltr'>typis</span> <span class='ocrx_word' id='word_1_87' title='bbox 1907 1614 2206 1695; x_wconf 78' lang='lat' dir='ltr'>ediderat</span> <span class='ocrx_word' id='word_1_88' title='bbox 2242 1628 2382 1717; x_wconf 77' lang='lat' dir='ltr'>(a).</span> <span class='ocrx_word' id='word_1_89' title='bbox 2446 1628 2656 1721; x_wconf 74' lang='lat' dir='ltr'>Aiunt</span> <span class='ocrx_word' id='word_1_90' title='bbox 2708 1628 2770 1700; x_wconf 89' lang='lat' dir='ltr'>i-</span> 
     </span>
     <span class='ocr_line' id='line_1_13' title="bbox 754 1742 2768 1839; baseline -0.001 -22"><span class='ocrx_word' id='word_1_91' title='bbox 754 1770 949 1839; x_wconf 84' lang='lat' dir='ltr'>psum</span> <span class='ocrx_word' id='word_1_92' title='bbox 985 1745 1197 1815; x_wconf 87' lang='lat' dir='ltr'>solida</span> <span class='ocrx_word' id='word_1_93' title='bbox 1225 1746 1590 1815; x_wconf 75' lang='lat' dir='ltr'>eruditione</span> <span class='ocrx_word' id='word_1_94' title='bbox 1629 1744 2333 1830; x_wconf 84' lang='lat' dir='ltr'>refertum,hebraicae</span> <span class='ocrx_word' id='word_1_95' title='bbox 2359 1742 2620 1834; x_wconf 84' lang='lat' dir='ltr'>linguae</span> <span class='ocrx_word' id='word_1_96' title='bbox 2658 1768 2768 1814; x_wconf 83' lang='lat' dir='ltr'>ne-</span> 
     </span>
     <span class='ocr_line' id='line_1_14' title="bbox 762 1856 2764 1946; baseline -0.001 -18"><span class='ocrx_word' id='word_1_97' title='bbox 762 1861 1137 1929; x_wconf 85' lang='lat' dir='ltr'>cessitatem</span> <span class='ocrx_word' id='word_1_98' title='bbox 1174 1874 1243 1927; x_wconf 86' lang='lat' dir='ltr'>et</span> <span class='ocrx_word' id='word_1_99' title='bbox 1296 1856 1758 1929; x_wconf 81' lang='lat' dir='ltr'>excellentiam</span> <span class='ocrx_word' id='word_1_100' title='bbox 1813 1858 2084 1927; x_wconf 85' lang='lat' dir='ltr'>omnino</span> <span class='ocrx_word' id='word_1_101' title='bbox 2133 1856 2466 1925; x_wconf 84' lang='lat' dir='ltr'>ostendere</span> <span class='ocrx_word' id='word_1_102' title='bbox 2513 1908 2527 1924; x_wconf 94' lang='lat'><strong>.</strong></span> <span class='ocrx_word' id='word_1_103' title='bbox 2577 1860 2764 1946; x_wconf 84' lang='lat' dir='ltr'>Quae</span> 
     </span>
     <span class='ocr_line' id='line_1_15' title="bbox 754 1970 2764 2064; baseline -0.001 -23"><span class='ocrx_word' id='word_1_104' title='bbox 754 1972 1171 2041; x_wconf 85' lang='lat' dir='ltr'>continentur</span> <span class='ocrx_word' id='word_1_105' title='bbox 1204 1971 1276 2039; x_wconf 88' lang='lat' dir='ltr'>in</span> <span class='ocrx_word' id='word_1_106' title='bbox 1314 1993 1393 2041; x_wconf 89' lang='lat' dir='ltr'>eo</span> <span class='ocrx_word' id='word_1_107' title='bbox 1432 1971 1889 2061; x_wconf 73' lang='lat' dir='ltr'>quaestiones,</span> <span class='ocrx_word' id='word_1_108' title='bbox 1922 1970 2162 2064; x_wconf 75' lang='lat' dir='ltr'>,Ioseph</span> <span class='ocrx_word' id='word_1_109' title='bbox 2213 1970 2282 2037; x_wconf 87' lang='lat' dir='ltr'>in</span> <span class='ocrx_word' id='word_1_110' title='bbox 2319 1990 2558 2061; x_wconf 81' lang='lat' dir='ltr'>magna</span> <span class='ocrx_word' id='word_1_111' title='bbox 2612 1992 2764 2039; x_wconf 81' lang='lat' dir='ltr'>em-</span> 
     </span>
     <span class='ocr_line' id='line_1_16' title="bbox 756 2084 1686 2157; baseline 0.001 -1"><span class='ocrx_word' id='word_1_112' title='bbox 756 2084 1043 2156; x_wconf 88' lang='lat' dir='ltr'>ditorum</span> <span class='ocrx_word' id='word_1_113' title='bbox 1077 2108 1311 2155; x_wconf 86' lang='lat' dir='ltr'>corona</span> <span class='ocrx_word' id='word_1_114' title='bbox 1352 2084 1686 2157; x_wconf 81' lang='lat' dir='ltr'>defendit.</span> 
     </span>
    </p>

    <p class='ocr_par' dir='ltr' id='par_1_4' title="bbox 750 2194 2776 3222">
     <span class='ocr_line' id='line_1_17' title="bbox 850 2194 2760 2295; baseline 0.001 -24"><span class='ocrx_word' id='word_1_115' title='bbox 850 2198 1131 2271; x_wconf 82' lang='lat' dir='ltr'>Stabant</span> <span class='ocrx_word' id='word_1_116' title='bbox 1166 2216 1393 2269; x_wconf 87' lang='lat' dir='ltr'>contra</span> <span class='ocrx_word' id='word_1_117' title='bbox 1428 2198 1693 2291; x_wconf 84' lang='lat' dir='ltr'>linguae</span> <span class='ocrx_word' id='word_1_118' title='bbox 1727 2200 1923 2295; x_wconf 78' lang='lat' dir='ltr'>hujus</span> <span class='ocrx_word' id='word_1_119' title='bbox 1959 2194 2384 2273; x_wconf 76' lang='lat' dir='ltr'>scientissimi</span> <span class='ocrx_word' id='word_1_120' title='bbox 2419 2202 2546 2273; x_wconf 80' lang='lat' dir='ltr'>viri</span> <span class='ocrx_word' id='word_1_121' title='bbox 2591 2202 2718 2273; x_wconf 88' lang='lat' dir='ltr'>duo</span> <span class='ocrx_word' id='word_1_122' title='bbox 2739 2251 2760 2287; x_wconf 87' lang='lat'>‚</span> 
     </span>
     <span class='ocr_line' id='line_1_18' title="bbox 755 2316 2768 2411; baseline 0.001 -23"><span class='ocrx_word' id='word_1_123' title='bbox 755 2316 915 2388; x_wconf 85' lang='lat' dir='ltr'>hinc</span> <span class='ocrx_word' id='word_1_124' title='bbox 966 2320 1041 2387; x_wconf 80' lang='lat' dir='ltr'>P.</span> <span class='ocrx_word' id='word_1_125' title='bbox 1084 2318 1444 2407; x_wconf 81' lang='lat' dir='ltr'>Bertolius‚</span> <span class='ocrx_word' id='word_1_126' title='bbox 1475 2318 1662 2390; x_wconf 85' lang='lat' dir='ltr'>illinc</span> <span class='ocrx_word' id='word_1_127' title='bbox 1701 2324 1771 2391; x_wconf 91' lang='lat' dir='ltr'>P.</span> <span class='ocrx_word' id='word_1_128' title='bbox 1811 2320 2122 2411; x_wconf 79' lang='lat' dir='ltr'>Aloysius</span> <span class='ocrx_word' id='word_1_129' title='bbox 2159 2321 2532 2392; x_wconf 78' lang='lat' dir='ltr'>Benerellus</span> <span class='ocrx_word' id='word_1_130' title='bbox 2555 2376 2575 2407; x_wconf 90' lang='lat'>,</span> <span class='ocrx_word' id='word_1_131' title='bbox 2611 2322 2768 2391; x_wconf 81' lang='lat' dir='ltr'>olim</span> 
     </span>
     <span class='ocr_line' id='line_1_19' title="bbox 754 2428 2774 2529; baseline 0.003 -27"><span class='ocrx_word' id='word_1_132' title='bbox 754 2428 1055 2526; x_wconf 83' lang='lat' dir='ltr'>ejusdem</span> <span class='ocrx_word' id='word_1_133' title='bbox 1092 2432 1356 2526; x_wconf 84' lang='lat' dir='ltr'>linguae</span> <span class='ocrx_word' id='word_1_134' title='bbox 1384 2485 1407 2520; x_wconf 90' lang='lat'>‚</span> <span class='ocrx_word' id='word_1_135' title='bbox 1450 2436 1528 2506; x_wconf 89' lang='grc' dir='ltr'>Β.</span> <span class='ocrx_word' id='word_1_136' title='bbox 1569 2434 1872 2526; x_wconf 83' lang='lat' dir='ltr'>Gregorii</span> <span class='ocrx_word' id='word_1_137' title='bbox 1910 2434 2259 2507; x_wconf 85' lang='lat' dir='ltr'>Barbadici</span> <span class='ocrx_word' id='word_1_138' title='bbox 2297 2434 2514 2529; x_wconf 78' lang='lat' dir='ltr'>jussu,</span> <span class='ocrx_word' id='word_1_139' title='bbox 2546 2436 2615 2506; x_wconf 90' lang='lat' dir='ltr'>in</span> <span class='ocrx_word' id='word_1_140' title='bbox 2651 2436 2774 2510; x_wconf 86' lang='lat' dir='ltr'>Se-</span> 
     </span>
     <span class='ocr_line' id='line_1_20' title="bbox 750 2549 2776 2645; baseline 0.003 -25"><span class='ocrx_word' id='word_1_141' title='bbox 750 2549 1037 2623; x_wconf 83' lang='lat' dir='ltr'>minario</span> <span class='ocrx_word' id='word_1_142' title='bbox 1066 2553 1430 2645; x_wconf 85' lang='lat' dir='ltr'>professor,</span> <span class='ocrx_word' id='word_1_143' title='bbox 1468 2553 1746 2626; x_wconf 86' lang='lat' dir='ltr'>eruditis</span> <span class='ocrx_word' id='word_1_144' title='bbox 1785 2555 2230 2625; x_wconf 85' lang='lat' dir='ltr'>monumentis</span> <span class='ocrx_word' id='word_1_145' title='bbox 2267 2555 2480 2623; x_wconf 84' lang='lat' dir='ltr'>clarus</span> <span class='ocrx_word' id='word_1_146' title='bbox 2505 2607 2522 2622; x_wconf 93' lang='lat'><strong><em>.</em></strong></span> <span class='ocrx_word' id='word_1_147' title='bbox 2556 2557 2776 2626; x_wconf 82' lang='lat' dir='ltr'>Vene-</span> 
     </span>
     <span class='ocr_line' id='line_1_21' title="bbox 756 2667 2773 2762; baseline 0.001 -24"><span class='ocrx_word' id='word_1_148' title='bbox 756 2667 871 2739; x_wconf 79' lang='lat' dir='ltr'>tiis</span> <span class='ocrx_word' id='word_1_149' title='bbox 925 2671 1269 2740; x_wconf 87' lang='lat' dir='ltr'>Patavium</span> <span class='ocrx_word' id='word_1_150' title='bbox 1306 2669 1517 2740; x_wconf 87' lang='lat' dir='ltr'>fuerat</span> <span class='ocrx_word' id='word_1_151' title='bbox 1550 2688 1824 2762; x_wconf 85' lang='lat' dir='ltr'>uterque</span> <span class='ocrx_word' id='word_1_152' title='bbox 1861 2673 2106 2742; x_wconf 87' lang='lat' dir='ltr'>accitus</span> <span class='ocrx_word' id='word_1_153' title='bbox 2146 2699 2186 2742; x_wconf 85' lang='lat' dir='ltr'>a</span> <span class='ocrx_word' id='word_1_154' title='bbox 2221 2673 2570 2743; x_wconf 77' lang='lat' dir='ltr'>Cardinaii·</span> <span class='ocrx_word' id='word_1_155' title='bbox 2607 2674 2773 2742; x_wconf 81' lang='lat' dir='ltr'>Cor-</span> 
     </span>
     <span class='ocr_line' id='line_1_22' title="bbox 752 2781 2774 2877; baseline 0.002 -28"><span class='ocrx_word' id='word_1_156' title='bbox 752 2783 934 2850; x_wconf 80' lang='lat' dir='ltr'>nelio</span> <span class='ocrx_word' id='word_1_157' title='bbox 970 2783 1055 2850; x_wconf 83' lang='lat' dir='ltr'>ad</span> <span class='ocrx_word' id='word_1_158' title='bbox 1092 2782 1410 2874; x_wconf 80' lang='lat' dir='ltr'>majorem</span> <span class='ocrx_word' id='word_1_159' title='bbox 1431 2835 1451 2868; x_wconf 92' lang='lat'>,</span> <span class='ocrx_word' id='word_1_160' title='bbox 1488 2798 1562 2850; x_wconf 87' lang='lat' dir='ltr'>ut</span> <span class='ocrx_word' id='word_1_161' title='bbox 1601 2805 1745 2852; x_wconf 86' lang='lat' dir='ltr'>mos</span> <span class='ocrx_word' id='word_1_162' title='bbox 1797 2781 2051 2854; x_wconf 85' lang='lat' dir='ltr'>ferebat</span> <span class='ocrx_word' id='word_1_163' title='bbox 2074 2837 2096 2871; x_wconf 91' lang='lat'>‚</span> <span class='ocrx_word' id='word_1_164' title='bbox 2151 2784 2613 2877; x_wconf 84' lang='lat' dir='ltr'>disputationis</span> <span class='ocrx_word' id='word_1_165' title='bbox 2667 2807 2774 2854; x_wconf 89' lang='lat' dir='ltr'>ce-</span> 
     </span>
     <span class='ocr_line' id='line_1_23' title="bbox 754 2890 2774 2990; baseline 0.003 -30"><span class='ocrx_word' id='word_1_166' title='bbox 754 2891 1129 2960; x_wconf 85' lang='lat' dir='ltr'>lebritatem</span> <span class='ocrx_word' id='word_1_167' title='bbox 1153 2943 1170 2960; x_wconf 91' lang='lat'><strong>.</strong></span> <span class='ocrx_word' id='word_1_168' title='bbox 1226 2890 1616 2963; x_wconf 80' lang='lat' dir='ltr'>Disserebat</span> <span class='ocrx_word' id='word_1_169' title='bbox 1669 2911 1938 2988; x_wconf 86' lang='lat' dir='ltr'>uterque</span> <span class='ocrx_word' id='word_1_170' title='bbox 1975 2897 2284 2968; x_wconf 83' lang='lat' dir='ltr'>hebraice</span> <span class='ocrx_word' id='word_1_171' title='bbox 2339 2915 2518 2966; x_wconf 81' lang='lat' dir='ltr'>tanto</span> <span class='ocrx_word' id='word_1_172' title='bbox 2567 2897 2774 2990; x_wconf 84' lang='lat' dir='ltr'>majo-</span> 
     </span>
     <span class='ocr_line' id='line_1_24' title="bbox 756 3007 2766 3106; baseline 0.003 -32"><span class='ocrx_word' id='word_1_173' title='bbox 756 3029 830 3075; x_wconf 84' lang='lat' dir='ltr'>re</span> <span class='ocrx_word' id='word_1_174' title='bbox 872 3029 1025 3076; x_wconf 90' lang='lat' dir='ltr'>cum</span> <span class='ocrx_word' id='word_1_175' title='bbox 1062 3007 1333 3098; x_wconf 79' lang='lat' dir='ltr'>plausu,</span> <span class='ocrx_word' id='word_1_176' title='bbox 1362 3022 1612 3102; x_wconf 85' lang='lat' dir='ltr'>‘quanto</span> <span class='ocrx_word' id='word_1_177' title='bbox 1647 3017 1852 3106; x_wconf 85' lang='lat' dir='ltr'>magis</span> <span class='ocrx_word' id='word_1_178' title='bbox 1892 3017 1962 3086; x_wconf 90' lang='lat' dir='ltr'>id</span> <span class='ocrx_word' id='word_1_179' title='bbox 2000 3017 2225 3086; x_wconf 86' lang='lat' dir='ltr'>aberat</span> <span class='ocrx_word' id='word_1_180' title='bbox 2261 3041 2300 3084; x_wconf 88' lang='lat' dir='ltr'>a</span> <span class='ocrx_word' id='word_1_181' title='bbox 2345 3013 2766 3085; x_wconf 86' lang='lat' dir='ltr'>consuetudi-</span> 
     </span>
     <span class='ocr_line' id='line_1_25' title="bbox 762 3121 2774 3222; baseline 0.004 -33"><span class='ocrx_word' id='word_1_182' title='bbox 762 3142 847 3190; x_wconf 81' lang='lat' dir='ltr'>ne</span> <span class='ocrx_word' id='word_1_183' title='bbox 869 3171 887 3190; x_wconf 89' lang='lat'><strong>.</strong></span> <span class='ocrx_word' id='word_1_184' title='bbox 926 3121 1250 3217; x_wconf 84' lang='lat' dir='ltr'>Quodque</span> <span class='ocrx_word' id='word_1_185' title='bbox 1282 3124 1852 3200; x_wconf 82' lang='lat' dir='ltr'>animadversione</span> <span class='ocrx_word' id='word_1_186' title='bbox 1891 3130 2158 3222; x_wconf 81' lang='lat' dir='ltr'>dignum</span> <span class='ocrx_word' id='word_1_187' title='bbox 2181 3183 2202 3217; x_wconf 90' lang='lat'>‚</span> <span class='ocrx_word' id='word_1_188' title='bbox 2237 3129 2378 3222; x_wconf 86' lang='lat' dir='ltr'>ipse</span> <span class='ocrx_word' id='word_1_189' title='bbox 2409 3129 2618 3198; x_wconf 82' lang='lat' dir='ltr'>etiam</span> <span class='ocrx_word' id='word_1_190' title='bbox 2665 3126 2774 3198; x_wconf 85' lang='lat' dir='ltr'>di-</span> 
     </span>
    </p>
   </div>
   <div class='ocr_carea' id='block_1_3' title="bbox 1447 3301 2107 3332">
    <p class='ocr_par' dir='ltr' id='par_1_5' title="bbox 1447 3301 2107 3332">
     <span class='ocr_line' id='line_1_26' title="bbox 1447 3301 2107 3332; baseline 0.003 -5"><span class='ocrx_word' id='word_1_191' title='bbox 1447 3301 2107 3332; x_wconf 54' lang='lat' dir='ltr'>mmmmmm</span> 
     </span>
    </p>
   </div>
   <div class='ocr_carea' id='block_1_4' title="bbox 754 3437 2774 3840">
    <p class='ocr_par' dir='ltr' id='par_1_6' title="bbox 754 3437 2774 3840">
     <span class='ocr_line' id='line_1_27' title="bbox 840 3437 2768 3530; baseline 0.001 -28"><span class='ocrx_word' id='word_1_192' title='bbox 840 3443 939 3522; x_wconf 81' lang='grc' dir='ltr'>(ι)</span> <span class='ocrx_word' id='word_1_193' title='bbox 982 3437 1189 3504; x_wconf 81' lang='lat' dir='ltr'>Giorn.</span> <span class='ocrx_word' id='word_1_194' title='bbox 1227 3439 1323 3504; x_wconf 82' lang='lat' dir='ltr'>dei</span> <span class='ocrx_word' id='word_1_195' title='bbox 1364 3443 1584 3506; x_wconf 81' lang='lat' dir='ltr'>Letter.</span> <span class='ocrx_word' id='word_1_196' title='bbox 1625 3443 1898 3518; x_wconf 79' lang='lat' dir='ltr'>d’ltalia‚</span> <span class='ocrx_word' id='word_1_197' title='bbox 1937 3465 2072 3508; x_wconf 80' lang='lat' dir='ltr'>aun.</span> <span class='ocrx_word' id='word_1_198' title='bbox 2119 3446 2270 3530; x_wconf 80' lang='lat'>1716</span> <span class='ocrx_word' id='word_1_199' title='bbox 2293 3448 2510 3522; x_wconf 67' lang='lat' dir='ltr'>,Tem</span> <span class='ocrx_word' id='word_1_200' title='bbox 2541 3442 2768 3510; x_wconf 76' lang='lat' dir='ltr'>XXVI</span> 
     </span>
     <span class='ocr_line' id='line_1_28' title="bbox 754 3544 2772 3738; baseline 0 -29"><span class='ocrx_word' id='word_1_201' title='bbox 754 3544 1143 3729; x_wconf 40' lang='grc' dir='ltr'>Ρδῗαρὂἶδή</span> <span class='ocrx_word' id='word_1_202' title='bbox 1202 3649 1400 3712; x_wconf 82' lang='lat' dir='ltr'>titulus</span> <span class='ocrx_word' id='word_1_203' title='bbox 1441 3667 1526 3713; x_wconf 86' lang='lat' dir='ltr'>est</span> <span class='ocrx_word' id='word_1_204' title='bbox 1583 3651 1942 3734; x_wconf 83' lang='lat' dir='ltr'>hujusmodi:</span> <span class='ocrx_word' id='word_1_205' title='bbox 1985 3655 2086 3716; x_wconf 87' lang='lat' dir='ltr'>De</span> <span class='ocrx_word' id='word_1_206' title='bbox 2115 3657 2452 3738; x_wconf 67' lang='lat' dir='ltr'>praecipuis·</span> <span class='ocrx_word' id='word_1_207' title='bbox 2497 3653 2550 3713; x_wconf 86' lang='lat' dir='ltr'><em>S</em></span> <span class='ocrx_word' id='word_1_208' title='bbox 2548 3649 2600 3712; x_wconf 85' lang='lat' dir='ltr'><em>S</em></span> <span class='ocrx_word' id='word_1_209' title='bbox 2601 3695 2620 3712; x_wconf 85' lang='lat'><strong>.</strong></span> <span class='ocrx_word' id='word_1_210' title='bbox 2661 3651 2772 3710; x_wconf 72' lang='lat' dir='ltr'>Br-</span> 
     </span>
     <span class='ocr_line' id='line_1_29' title="bbox 759 3743 2774 3840; baseline 0.002 -31"><span class='ocrx_word' id='word_1_211' title='bbox 759 3743 1009 3812; x_wconf 73' lang='lat' dir='ltr'>bh&#39;orum</span> <span class='ocrx_word' id='word_1_212' title='bbox 1052 3754 1269 3832; x_wconf 70' lang='lat' dir='ltr'>linguis</span> <span class='ocrx_word' id='word_1_213' title='bbox 1302 3765 1365 3813; x_wconf 81' lang='lat' dir='ltr'>et</span> <span class='ocrx_word' id='word_1_214' title='bbox 1392 3755 1742 3818; x_wconf 73' lang='lat' dir='ltr'>versionibus</span> <span class='ocrx_word' id='word_1_215' title='bbox 1765 3759 2060 3840; x_wconf 72' lang='lat' dir='ltr'>polemico</span> <span class='ocrx_word' id='word_1_216' title='bbox 2097 3757 2438 3817; x_wconf 72' lang='lat' dir='ltr'>dissertatio</span> <span class='ocrx_word' id='word_1_217' title='bbox 2455 3778 2483 3830; x_wconf 82' lang='lat'>,·</span> <span class='ocrx_word' id='word_1_218' title='bbox 2521 3758 2618 3815; x_wconf 77' lang='lat' dir='ltr'>cui</span> <span class='ocrx_word' id='word_1_219' title='bbox 2673 3774 2774 3813; x_wconf 76' lang='lat' dir='ltr'>ae·</span> 
     </span>
    </p>
   </div>
   <div class='ocr_carea' id='block_1_5' title="bbox 750 3857 2772 4028">
    <p class='ocr_par' dir='ltr' id='par_1_7' title="bbox 750 3857 2772 4028">
     <span class='ocr_line' id='line_1_30' title="bbox 752 3857 2772 3948; baseline 0.002 -29"><span class='ocrx_word' id='word_1_220' title='bbox 752 3857 967 3922; x_wconf 71' lang='lat' dir='ltr'>cedunt</span> <span class='ocrx_word' id='word_1_221' title='bbox 986 3864 1348 3943; x_wconf 65' lang='lat' dir='ltr'>quaesfiones</span> <span class='ocrx_word' id='word_1_222' title='bbox 1380 3865 1604 3945; x_wconf 75' lang='lat' dir='ltr'>aliquot</span> <span class='ocrx_word' id='word_1_223' title='bbox 1639 3885 1718 3924; x_wconf 70' lang='lat' dir='ltr'>ex</span> <span class='ocrx_word' id='word_1_224' title='bbox 1753 3869 2014 3948; x_wconf 70' lang='lat' dir='ltr'>ipsarum</span> <span class='ocrx_word' id='word_1_225' title='bbox 2045 3869 2383 3946; x_wconf 70' lang='lat' dir='ltr'>linguarum</span> <span class='ocrx_word' id='word_1_226' title='bbox 2413 3867 2772 3946; x_wconf 59' lang='lat' dir='ltr'>interpam:</span> 
     </span>
     <span class='ocr_line' id='line_1_31' title="bbox 750 3961 1145 4028; baseline 0.005 -2"><span class='ocrx_word' id='word_1_227' title='bbox 750 3961 908 4026; x_wconf 61' lang='lat' dir='ltr'>‘lone</span> <span class='ocrx_word' id='word_1_228' title='bbox 936 3974 1104 4024; x_wconf 79' lang='lat' dir='ltr'>ortas</span> <span class='ocrx_word' id='word_1_229' title='bbox 1124 4005 1145 4028; x_wconf 80' lang='grc'><strong>.</strong></span> 
     </span>
    </p>
   </div>
  </div>
 </body>
</html>
