3125 4975
827 296 929 344 so.
971 293 1336 344 raAucrscr
1373 276 1792 349 scAnnoun'
2154 281 2297 374 379

230 415 668 497 nedemum,
723 411 1070 502 plerosque
1128 432 1209 481 ex
1268 411 1398 492 iis,
1455 414 1566 501 qui
1628 417 1919 486 Athenas
1982 418 2297 508 petebant

235 533 635 604 studiorum
695 545 932 608 causa,
971 549 1120 594 eam
1169 525 1396 592 urbem
1453 525 1709 614 ingredi
1770 546 2102 620 tamquam
2160 557 2303 604 ma-

239 646 504 734 gistros
522 695 544 727 ,
583 644 658 712 in
695 663 775 712 ea
823 639 1066 708 versari
1105 654 1442 728 tamquam
1495 641 1885 728 discapulos,
1925 644 2009 714 ab
2045 670 2123 714 ea
2161 647 2299 716 dis-

244 764 502 834 cedere
548 777 888 850 tamquam
926 756 1156 826 rudes.
1210 757 1406 826 Nihil
1463 758 1734 828 ulterius
1774 761 1983 832 addo.
2034 767 2180 850 Quo
2228 765 2301 836 id

249 878 641 968 pertineat,
701 873 1138 962 unusquisque
1191 871 1546 960 intelligit.
1596 873 1880 944 Tantam
1922 873 2053 944 sihi
2108 878 2305 946 Joan-

257 1014 394 1058 nes
441 987 824 1058 Franciscus
883 984 1444 1076 existimationem
1495 986 1805 1074 peperat!
1850 1011 2049 1076 quam
2089 1011 2305 1056 corro-

257 1107 535 1178 boravit
574 1106 785 1174 adhuc
844 1105 1052 1174 multo
1104 1103 1350 1172 firmius
1387 1104 1661 1194 optimis
1718 1105 1903 1172 libris
1943 1105 2183 1191 editis,
2239 1122 2307 1190 et

260 1221 578 1292 extendit
639 1243 840 1310 usque
873 1219 956 1288 ad
995 1218 1270 1286 ultimae
1310 1217 1713 1306 posteritatis
1752 1218 2055 1290 notitiam
2079 1270 2096 1290 .

367 1345 453 1412 Et
509 1340 684 1429 quod
737 1339 820 1408 ad
875 1338 1236 1407 editionem
1295 1337 1556 1406 illorum
1616 1338 1942 1428 pertinet,
2003 1338 2291 1410 breviter

273 1479 424 1524 rem
465 1457 786 1545 expedio.
827 1456 1214 1544 Adscriptus
1254 1455 1368 1530 ille
1396 1451 1605 1524 fuerat
1643 1455 2041 1526 Academiae
2092 1457 2307 1527 rhodi-

277 1578 507 1668 ginae3
549 1577 772 1666 ibique
809 1575 1302 1644 dissertationes
1344 1575 1633 1642 medicas
1672 1577 2091 1644 recitaverat.
2118 1578 2309 1664 Quae

222 1699 229 1705 '
276 1691 630 1780 scripserat
643 1689 914 1774 ,statuit
951 1687 1022 1755 in
1063 1709 1414 1756 commune
1463 1686 1707 1756 bonum
1738 1685 2021 1778 proferre
2045 1741 2065 1770 ‚
2102 1689 2305 1778 idque

281 1800 563 1894 perfecit
605 1803 892 1892 primum
934 1825 1104 1870 anno
1152 1799 1326 1892 1746
1361 1800 1715 1871 Seminarii
1755 1803 2049 1890 patavini
2092 1804 2301 1894 typis,

282 1918 566 1993 offerens
608 1945 722 2011 per
753 1919 1109 2010 epistolam
1147 1921 1242 1988 rei
1281 1921 1641 1988 litterariae
1698 1919 2057 1990 triumviris
2096 1945 2259 2012 opus
2282 1973 2307 2006 ‚

278 2040 454 2129 quod
496 2054 837 2108 ornaverat
873 2038 1000 2108 hoc
1039 2038 1262 2108 titulo:
1302 2035 1679 2128 Aphorismi
1716 2038 1801 2108 de
1832 2037 2309 2131 cognoscendis

289 2167 360 2224 et
415 2155 730 2225 curandis
783 2152 1036 2226 morbis
1055 2211 1078 2242 ,
1143 2155 1500 2226 uberrimis
1551 2155 2055 2226 cormnentariis
2110 2166 2315 2246 atquc

283 2268 966 2340 animadversionibus
1003 2264 1376 2354 illustrati,
1417 2266 1655 2360 quibus
1710 2268 2134 2358 quaestiones
2168 2267 2313 2340 sin-

289 2386 492 2480 gulae
509 2439 528 2472 ,
566 2411 735 2476 quae
770 2399 915 2456 tum
949 2387 1022 2458 in
1058 2386 1388 2460 theoriam
1408 2439 1429 2472 ‚
1467 2397 1613 2456 tum
1668 2386 1739 2456 in
1789 2385 2059 2476 praxim
2093 2385 2315 2458 medi-

287 2523 440 2571 cam
483 2498 732 2571 cadunt
767 2498 968 2571 bodie
1019 2500 1314 2572 maxime
1382 2498 1436 2569 il
1439 2498 1682 2569 lustres
1697 2552 1715 2583 ‚
1770 2498 2001 2567 sedulo
2051 2512 2317 2590 pertra-

287 2627 596 2702 ctantur,
651 2614 1228 2709 discutiunturque
1255 2672 1271 2687 .
1321 2617 1537 2689 Labor
1594 2618 1951 2707 plurimum
2008 2640 2078 2685 se
2132 2641 2317 2687 com·
2360 2625 2365 2629 ”

287 2736 564 2806 mendat
599 2737 886 2805 utilitate
924 2738 1384 2827 quaestionum
1412 2790 1430 2819 ,
1469 2762 1546 2807 ac
1590 2760 1805 2805 rerum
1862 2734 2129 2805 ordine.
2186 2737 2317 2803 To·

291 2868 436 2921 turn
474 2869 926 2942 argumentum
968 2851 1286 2921 dividitur
1325 2852 1394 2921 in
1435 2868 1569 2921 tres
1623 2866 1843 2939 partes
1868 2902 1886 2933 ,
1930 2872 2047 2918 seu
2102 2847 2317 2939 potius

291 2966 536 3036 libros.
596 2968 682 3035 Et
719 2966 788 3033 in
827 2965 1042 3057 primo
1089 2966 1360 3055 quidem
1415 2967 1703 3037 Joannes
1756 2963 2147 3033 Franciscus
2186 2960 2319 3055 agit

297 3076 384 3152 de
442 3074 692 3147 morbis
735 3076 977 3168 capitis
993 3104 1025 3159 ;
1083 3080 1290 3147 altero
1343 3077 1725 3166 complexus
1782 3090 1885 3145 est
1931 3074 2319 3163 praecipuos

295 3188 562 3263 morbos
589 3189 926 3283 pectoris&
963 3193 1035 3261 in
1077 3192 1268 3263 tertio
1303 3188 1390 3261 de
1426 3187 1678 3259 morbis
1716 3186 1983 3256 disserit
2018 3183 2141 3253 imi
2179 3210 2323 3254 ven-

297 3303 467 3377 tris.
505 3308 584 3374 In
625 3304 730 3373 his
772 3305 998 3395 paucis
1037 3302 1232 3375 offert
1269 3304 1673 3375 medicorum
1716 3300 1957 3391 placita
1996 3300 2321 3389 pertinen-

305 3423 398 3493 tia
440 3424 524 3495 ad
561 3422 822 3493 morbos
875 3424 1205 3514 singulos,
1255 3420 1785 3503 observationes,
1840 3416 2167 3486 doctrinas
2216 3415 2321 3485 vi-

303 3560 522 3605 rorum
582 3537 840 3606 medica
893 3534 1202 3606 facultate
1257 3532 1769 3627 praestantium,
1826 3546 1963 3600 turn
2025 3529 2319 3599 remedia

307 3652 610 3723 curandis
651 3653 938 3739 morbis,
985 3651 1068 3721 de
1107 3650 1344 3743 quibus
1401 3648 1652 3739 agitur,
1689 3662 2085 3737 opportuna.
2142 3642 2320 3713 Scri-

313 3764 514 3836 bendi
571 3790 806 3834 munus
850 3789 1187 3859 aggressus
1245 3764 1651 3857 propositum
1708 3758 1884 3852 illud,
1922 3757 2153 3829 habuit
2191 3758 2318 3847 (ut

317 3882 468 3975 ipse
505 3880 887 3977 affirmat),
928 3887 1214 3954 tironum
1270 3881 1621 3978 praecipue
1660 3876 2020 3951 rationibus
2070 3870 2327 3971 prospiq
