3125 4975
777 362 910 433 32!

892 400 918 455 i
1139 500 1390 561 PETRI
1429 494 1826 561 FACCIOLI
1866 492 2141 561 OPERA
2178 498 2457 565 EDITA

859 648 1098 781 Jacobi
1137 716 1340 799 Spouii
1376 717 1458 775 rei
1500 714 1855 795 antiquariae
1894 714 2138 775 selectae
2180 716 2541 797 quaestiones
2568 762 2589 795 ‚
2612 720 2819 800 gallice

785 824 1030 907 scriptae
1057 868 1075 899 ,
1119 835 1176 883 et
1215 822 1279 881 in
1316 822 1502 881 varias
1543 820 1976 881 dissertationes
2020 821 2367 883 distributae
2404 839 2514 885 etc.
2560 846 2593 885 a
2650 828 2823 889 Petro

781 930 1046 995 racciolo
1101 929 1276 987 latine
1322 928 1581 987 redditae
1611 971 1627 986 .
1690 926 1843 991 Vide
1884 928 2084 987 Poleni
2138 928 2201 989 in
2238 951 2497 991 romanas
2554 946 2611 992 et
2650 954 2819 1016 grae-

783 1060 880 1099 cas
921 1037 1288 1117 antiquitates
1331 1056 1478 1094 nova
1521 1035 1777 1117 supplem
1794 1048 1931 1095 enta
1982 1038 2160 1097 Tom.
2195 1037 2283 1099 IV
2324 1060 2453 1118 pag.
2494 1040 2633 1118 369.

857 1139 1142 1223 Scipionis
1179 1136 1442 1219 Maphcji
1474 1135 1545 1196 de
1590 1136 1975 1219 amphiteatris
2014 1138 2243 1199 Galliae
2265 1185 2287 1219 ‚
2312 1140 2569 1221 Epistola
2588 1141 2665 1202 ad
2698 1145 2813 1205 Jo-

787 1268 992 1309 annem
1031 1246 1306 1306 Polenum
1347 1243 1420 1303 ab
1463 1242 1662 1305 eodem
1706 1244 1881 1304 latine
1918 1246 2172 1327 exposita
2212 1248 2395 1307 Tom.
2436 1249 2515 1313 V.
2556 1247 2817 1329 ejusdem

787 1356 974 1440 operis
1014 1372 1142 1438 pag.
1183 1355 1318 1413 312.
2414 1326 2436 1341 ἱ

868 1461 1068 1523 Altera
1105 1456 1356 1535 eiusdem
1397 1456 1659 1537 Mapheji
1703 1457 1967 1539 Epistola
1994 1456 2079 1519 -de
2124 1457 2369 1537 antiquis
2392 1458 2623 1520 Galliae
2662 1461 2823 1524 thea-

791 1565 895 1625 tris
937 1562 1012 1621 ad
1052 1558 1464 1621 Bernardinum
1510 1557 1866 1619 Zendrinum
1890 1604 1909 1634 ,
1948 1559 2021 1619 ab
2060 1558 2259 1621 eodem
2294 1560 2563 1620 Facciolo
2600 1559 2663 1623 in
2700 1562 2821 1622 lin-

789 1686 956 1747 guam
991 1664 1226 1723 latinam
1265 1681 1430 1719 versa
1452 1706 1466 1720 .
1511 1658 1733 1719 Ibidem
1769 1681 1901 1741 pag.
1936 1660 2077 1737 364.

883 1771 1192 1833 Orationes
1233 1782 1344 1827 tres
1379 1766 1602 1827 Patavii
1648 1767 1799 1849 typis
1842 1768 2147 1837 Seminarii
2190 1788 2325 1829 anu.
2370 1774 2517 1851 ¹747
2562 1768 2625 1828 in
2662 1770 2722 1831 8.

877 1880 1082 1944 Oratio
1121 1900 1224 1961 pro
1266 1873 1504 1935 solemni
1549 1871 1870 1932 studiorum
1922 1873 2225 1935 Seminarii
2263 1874 2501 1935 vicetini
2534 1874 2819 1937 instaura-

793 1992 950 2051 tione
977 2033 990 2047 .
1035 1985 1188 2049 lbid.
1230 2004 1364 2043 auu.
1417 1984 1567 2059 1748
1601 1980 1664 2039 in
1706 1984 1765 2042 8.

873 2096 1008 2157 Titi
1048 2093 1204 2155 Livii
1241 2087 1499 2173 patavini
1543 2109 1710 2169 opera
1746 2087 2135 2151 obscuriorum
2172 2090 2427 2151 locorum
2482 2090 2822 2173 interpreta-

795 2200 1049 2262 tionibus
1074 2241 1092 2272 ,
1149 2212 1206 2257 et
1259 2192 1484 2255 selectis
1545 2190 2033 2255 annotationibus
2058 2192 2343 2255 illustrata
2368 2238 2384 2255 .
2426 2193 2651 2256 Ibidem
2690 2216 2826 2260 ann.

803 2300 947 2383 1751
996 2300 1174 2361 Tomi
1218 2300 1305 2361 Vl
1345 2297 1404 2355 in
1457 2312 1544 2353 12.

876 2406 1134 2469 Cornelii
1173 2406 1413 2488 Nepotis
1456 2406 1607 2465 vitae
1648 2404 2051 2467 excellentium
2092 2403 2491 2485 imperatorum
2548 2404 2827 2468 breviori-

802 2514 914 2576 bus
951 2515 1414 2576 annotationibus
1456 2513 1806 2575 illustratae.
1842 2512 2063 2574 Ibidem
2100 2534 2235 2572 ann.
2286 2512 2433 2594 1754
2464 2516 2528 2574 in
2565 2518 2621 2576 8.

875 2623 1041 2684 Publ.
1087 2621 1291 2685 Ovidii
1327 2620 1580 2680 Nasonis
1623 2623 1919 2680 Fastorum
1956 2618 2090 2677 libri
2112 2617 2201 2680 VI
2224 2657 2244 2688 ,
2268 2617 2549 2680 Tristium
2570 2617 2702 2680 libri
2724 2620 2823 2700 V,

803 2725 877 2790 de
916 2731 1100 2790 Ponto
1139 2729 1270 2786 libri
1322 2729 1408 2788 lv
1459 2747 1589 2786 cum
1645 2724 2004 2786 brevioribus
2046 2724 2505 2785 annotationibus
2534 2767 2549 2786 .
2604 2724 2833 2790 Ibidem

807 2857 940 2898 ann.
993 2835 1142 2915 1762
1183 2833 1245 2892 in
1295 2854 1384 2892 12.

886 2934 1214 2996 Certamina
1268 2933 1539 2993 litteraria
1582 2932 1657 2993 ab
1696 2931 2057 3027 Acadetnicis
2099 2909 2401 2995 seminarii
2442 2935 2698 3020 patavini
2735 2936 2835 2994 in-

803 3041 1004 3102 stituta
1037 3054 1098 3101 et
1133 3039 1326 3101 habita
1347 3085 1366 3115 ,
1405 3052 1767 3122 praeceptore
1804 3042 1971 3100 Petro
2008 3043 2054 3100 F
2059 3040 2275 3102 acciolo
2296 3085 2314 3115 ‚
2359 3041 2591 3123 ipsoque
2643 3041 2829 3121 prima

804 3141 1056 3204 oratione
1097 3154 1402 3226 praeeunte
1432 3181 1450 3211 ,
1493 3139 1708 3202 additis
1746 3138 1821 3199 ad
1862 3139 2079 3200 calcem
2117 3139 2335 3202 duabus
2378 3139 2517 3222 ›¹1ss
2572 3137 2832 3222 ejusdem

803 3248 1154 3311 orationibus
1181 3295 1197 3311 .
1245 3248 1504 3314 Venetiis
1544 3269 1682 3308 ann.
1728 3248 1875 3329 ¹767
1914 3247 1977 3308 iu
2014 3250 2074 3308 8.

1255 3465 1647 3530 EJUSDEM
1689 3464 1961 3527 OPERA
1998 3462 2360 3526 INEDITA

887 3669 1082 3734 Multa
1140 3672 1346 3754 partim
1390 3671 1605 3748 latina,
1642 3677 1851 3757 partim
1899 3673 2069 3744 itala,
2110 3669 2319 3756 partim
2382 3689 2581 3743 sacra,
2622 3665 2834 3749 partim

811 3778 1090 3862 profana:
1134 3778 1312 3838 silvae
1334 3825 1353 3854 ,
1403 3782 1789 3844 oratiunculae
1812 3828 1832 3859 ,
1872 3781 2251 3865 praefationes
2293 3789 2350 3839 et
2403 3775 2517 3837 alia
2554 3756 2833 3859 politioris

817 3882 1168 3946 litteraturae
1189 3931 1208 3962 ,
1253 3907 1396 3966 quae
1438 3891 1696 3951 recensui
1734 3891 1796 3950 in
1840 3889 1962 3975 ejus
1992 3888 2113 3951 vita
2135 3931 2153 3948 .
