3125 4975
1646 418 1648 421 ι
1703 422 1727 443 .
2050 440 2061 451 ,
2242 354 2331 437 '9

297 482 456 567 bat.
509 484 685 557 Hinc
749 478 1178 551 interdictum
1233 472 1587 575 cujuslibet
1624 458 2099 555 'helidornadae
2155 487 2323 565 feria

303 620 484 675 sexta
515 597 1128 675 Seminariensibm
1163 597 1400 689 quovis
1432 592 1587 665 lud‘o
1626 598 1773 689 (ι).

387 716 612 788 Noetu
641 736 798 783 vero
815 765 838 799 ,
871 711 1056 805 prius
1090 736 1294 804 quam
1329 708 1633 780 cubitum
1670 710 1885 797 irent,
1923 710 2224 785 solebant
2261 742 2327 785 o-

303 852 487 903 mnes
533 851 721 899 orare
753 828 1143 913 unanimes,
1179 824 1611 917 introspicere
1647 825 1887 917 singuli
1922 828 1991 897 in
2032 848 2329 904 mentem

303 968 532 1031 suam,
577 964 856 1033 eamque
891 956 1171 1010 tractare
1205 939 1601 1031 diligenter,
1634 940 2031 1034 investigare
2084 962 2153 1014 et
2213 972 2335 1017 ex-

306 1078 526 1132 cutere
547 1114 568 1147 ,
587 1085 662 1129 ac
699 1083 770 1130 se
799 1084 872 1131 se
909 1060 1093 1129 taciti
1126 1058 1539 1151 percontari,
1563 1058 1723 1149 quid
1752 1061 2039 1151 egissent
2074 1086 2152 1132 ea
2184 1066 2335 1153 die,

305 1181 411 1247 vel
439 1180 794 1263 dixissent,
819 1180 930 1247 vel
963 1178 1367 1270 cogitassent
1397 1177 1546 1267 (2)'.
1588 1179 1771 1247 Haec
1828 1179 2066 1268 privati
2112 1182 2339 1277 cujus-

309 1293 465 1362 dam
503 1294 694 1383 quasi
733 1292 968 1386 judicii
1001 1289 1212 1358 forma
1255 1289 1326 1356 in
1362 1312 1436 1357 se
1482 1288 1781 1379 quotidie
1822 1290 1906 1361 ab
1944 1292 2041 1371 iis
2068 1294 2339 1367 institu-

311 1426 428 1497 ta,
484 1414 777 1481 multum
834 1402 1230 1500 corrigendis
1275 1408 1569 1478 moribus
1600 1460 1621 1493 ,
1672 1425 1747 1478 ‘et
1790 1412 2225 1500 provehendis
2271 1415 2347 1484 in

313 1528 575 1605 melius
631 1528 934 1619 proderat
967 1576 984 1595 .
1033 1528 1250 1597 Multo
1298 1551 1452 1596 vero
1507 1527 1717 1619 magis
1774 1528 2343 1605 Sacramentorum

319 1644 724 1737 frequentia.
753 1651 982 1739 Itaque
1027 1645 1228 1714 sacris
1267 1644 1613 1721 ordinibus
1670 1645 1917 1717 initiati
1944 1672 2336 1741 unaquaque

313 1764 727 1836 hebdomada
761 1763 1154 1859 jubebantur
1196 1764 1285 1833 ad
1341 1762 1566 1833 altaris
1604 1764 1924 1853 mysteria
1978 1768 2337 1856 accedere3

313 1878 432 1949 alii
479 1878 702 1948 clerici
763 1877 870 1949 bis
919 1877 995 1946 in
1049 1898 1326 1963 mense3
1380 1875 1583 1945 ceteri
1630 1898 1715 1946 ex
1749 1873 2041 1949 inferiori
2081 1877 2351 1955 familia

317 1996 560 2067 semel.
590 1996 717 2067 His
755 2010 978 2066 autem
1017 1994 1372 2087 postremis
1409 1994 1480 2063 in
1517 1994 1645 2065 hoc
1663 2047 1684 2080 ,
1723 1993 2002 2089 aliisque
2030 1998 2225 2069 rebus
2263 2002 2349 2072 ad

315 2114 708 2208 religionem
754 2113 1252 2206 spectantibus,
1309 2128 1384 2183 ut
1433 2108 1836 2213 plurimum,
1872 2132 2135 2209 praesto
2172 2136 2354 2210 erat,

320 2228 437 2320 qui
474 2229 576 2297 rei
614 2228 1010 2297 domesticae
1052 2241 1356 2317 praeerat
1393 2228 1540 2317 (3).

426 2340 526 2409 Ac
557 2361 650 2405 ne
699 2360 987 2427 unquam
1029 2339 1142 2407 hic
1193 2338 1465 2429 pietatis
1519 2310 1713 2411 ardor
1762 2338 2181 2435 frigesceret,
2239 2342 2348 2414 bis

330 2454 726 2550 quotannis,
757 2454 1046 2546 primum
1081 2454 1150 2524 in
1187 2478 1353 2528 nova
1405 2454 1771 2526 studiorum
1830 2457 2347 2547 instauratione,

332 2592 472 2645 tum
523 2575 606 2644 ad
661 2575 918 2647 exitum
969 2575 1550 2649 Bacchanaliorum
1602 2628 1625 2661 ‚
1682 2573 1939 2666 spiritui
1995 2577 2361 2644 exercendo

329 2688 657 2760 vacabant
703 2688 955 2780 aliquot
1013 2686 1157 2758 dies
1208 2689 1460 2758 alumni
1501 2739 1519 2758 .
1576 2685 1773 2759 Tunc
1830 2685 2062 2758 abesse
2109 2686 2357 2758 licebat

331 2807 604 2876 omnino
641 2807 934 2892 nemini,
964 2807 1094 2876 nisi
1119 2806 1558 2878 intercederet
1586 2806 1808 2902 gravis
1833 2831 2029 2878 causa
2056 2859 2071 2876 .
2106 2805 2178 2877 Si
2212 2801 2362 2897 quis

331 2917 690 3006 abfuisset,
739 2919 1142 2990 multabatur
1195 2937 1373 2990 certa
1429 2923 1746 3013 pecuniae
1800 2922 1867 2992 vi
1892 2974 1915 3009 ,
1954 2935 2024 2992 et
2078 2917 2363 2989 interdi-

331 3037 550 3108 ctione
603 3032 1194 3130 suscipiendorum
1225 3063 1556 3110 sacrorum
1628 3041 1932 3111 ordinum
1999 3053 2134 3107 toto
2188 3051 2364 3113 anno

337 3176 422 3224 eo
459 3156 566 3252 (4)
598 3209 616 3227 .
649 3161 990 3229 Postrema
1027 3159 1410 3232 eorumdem
1443 3159 2035 3232 Bacchanaliorum
2092 3157 2201 3228 die
2258 3177 2368 3228 re..

1018 3387 1685 3420 mmmm

421 3550 870 3636 (r)1nstit.ad
903 3551 1120 3619 semin.
1157 3557 1378 3640 Regini.
1421 3577 1555 3642 pag.
1602 3577 1693 3641 ¹7.

429 3656 882 3742 (2)1hid.p=g.
921 3661 1020 3722 63.

430 3761 528 3840 sti)
578 3764 717 3822 Act.
769 3758 974 3824 Beatif.
1029 3763 1308 3826 summat.
1357 3761 1445 3824 Τ.
1493 3763 1575 3824 11.
1620 3781 1756 3847 pag.
1805 3755 1945 3823 215.
1998 3769 2058 3822 et
2104 3755 2192 3822 Τ
2248 3753 2363 3826 Ν

331 3883 476 3958 pag.
513 3883 638 3926 22⁰.

419 3973 522 4058 (4)
558 3970 720 4040 Ihid.
763 3969 852 4034 T.
889 3973 974 4034 11.
1013 3971 1290 4036 sumum.
1326 3991 1460 4060 pag.
1500 3971 1645 4042 2060
