3125 4975
995 326 1236 379 sAcont
1273 324 1723 379 annocum!
2242 310 2379 405 289

349 446 480 517 sibi
520 448 768 519 socium
833 449 1206 519 adsciscere·
1233 450 1735 521 florentissimae
1784 448 2187 521 Acade-miae
2225 452 2377 543 (ι),

352 560 438 629 de
471 586 549 629 eo
585 564 892 655 gloriari,
931 588 1084 631 suos
1115 564 1482 633 describere
1525 564 1593 630 in
1642 561 1847 633 fastos
1903 565 2201 656 ejusdem
2253 592 2377 635 no-

351 702 538 763 men,
577 696 644 749 et
681 682 1014 755 annalium
1055 683 1376 751 memoria
1417 683 1695 771 posteris
1734 681 2025 765 tradere,
2064 707 2219 755 eum
2272 684 2383 753 de-

351 792 552 881 niqne
600 794 990 879 honoribus,
1031 796 1242 867 titulis
1281 821 1358 863 nc
1397 796 1713 883 praemiis
1752 796 2095 886 prosequi.

443 911 624 999 Quin
659 934 810 981 eum
847 915 1164 984 honorare
1205 914 1326 981 visi
1367 931 1520 983 sunt
1563 914 1759 1002 primi
1802 914 2086 983 virorum
2144 914 2383 1003 princi..

352 1046 512 1113 pum
551 1024 922 1096 administri
962 1043 1030 1097 et
1067 1026 1425 1097 consiliarii
1484 1028 1779 1115 pluribus
1836 1025 2175 1116 epistolis,
2212 1052 2383 1122 quae.

354 1144 458 1212 vel
500 1146 1171 1230 erudita-continent,
1211 1146 1315 1215 vel
1353 1145 1651 1215 indicant
1688 1170 1764 1213 ea
1820 1145 2147 1233 praesidia
2170 1197 2191 1231 ‚
2229 1147 2381 1237 qui·-

349 1258 474 1329 bus
515 1261 884 1351 promoveri
923 1285 1026 1330 tes
1067 1259 1386 1329 litteraria
1423 1244 1683 1325 facilius
1724 1276 1945 1347 posset
1985 1262 2091 1348 (2)
2121 1311 2137 1327 .
2369 1339 2378 1350 .

441 1376 493 1439 F
497 1373 892 1440 erdinandus
931 1372 1076 1461 ipse
1115 1371 1476 1451 Borbonius
1515 1368 1733 1439 infans
1790 1373 2155 1461 parmensis
2205 1373 2379 1467 (ὶιυε,ἰ

353 1508 504 1559 eum
539 1484 791 1557 duabus
830 1483 1130 1573 epistolis
1165 1508 1298 1553 non
1337 1484 1554 1559 aliena
1608 1508 1846 1568 manu,
1886 1486 2001 1553 sed
2040 1510 2161 1557 sua
2214 1490 2379 1557 scri-

355 1600 491 1689 ptis
543 1592 696 1671 euni
731 1600 1142 1685 honestavit,
1199 1615 1339 1669 tum
1395 1600 1599 1673 etiam
1654 1601 1822 1669 ultro
1874 1602 2063 1671 titulo
2117 1604 2385 1687 comitis

353 1713 574 1803 ipsum
606 1719 828 1801 auxit,
861 1735 1195 1806 totamque
1223 1734 1487 1807 gentem
1529 1719 1737 1805 ipsius
1762 1719 1883 1787 vel.
1904 1720 1973 1785 in
2010 1736 2385 1809 posterum,

354 1826 1035 1901 honorificentissimis
1073 1828 1310 1899 litteris
1349 1829 1436 1899 ad
1472 1829 1783 1901 eumdem
1824 1830 2087 1915 missis,
2128 1828 2387 1921 praefe-

351 1944 646 2017 rentibus
687 1950 936 2041 regium
975 1963 1257 2021 stemma
1291 1948 1398 2039 (3)
1423 2000 1440 2019 ,
1481 1947 1675 2037 Quod
1714 1947 1870 2019 licet
1913 1971 2221 2039 magnum
2260 1952 2392 2034 sit,

353 2084 482 2130 non
515 2080 734 2135 tamen
775 2066 1012 2135 miror.
1044 2069 1248 2135 Erant
1285 2066 1466 2137 enim
1505 2066 1573 2133 in
1613 2065 1755 2159 ejus
1782 2066 1985 2135 oculis
2006 2091 2389 2137 monumen-

357 2196 424 2249 ta
453 2183 886 2267 pulcherrima
921 2210 960 2251 a
991 2185 1372 2274 Bellogrado
1397 2185 1591 2253 nobis
1632 2185 1857 2255 relicta
1880 2236 1897 2255 .
1930 2190 2131 2255 Erant
2158 2187 2277 2255 viri
2312 2186 2391 2253 il-

359 2291 598 2363 lustres
619 2293 704 2365 ab
741 2293 974 2367 eodem
1005 2294 1300 2367 scientiis
1331 2298 1731 2383 gravioribus
1756 2298 2041 2371 instituti
2057 2352 2081 2385 ‚
2105 2324 2265 2395 quos
2290 2303 2387 2373 in·

1051 2489 1544 2526 mmmmm-Qun.
1551 2497 1712 2528 ινινυι

355 2641 550 2716 rottis,
599 2654 658 2702 et
714 2641 810 2704 hic
859 2641 1116 2703 vicissim
1153 2642 1214 2706 in
1253 2639 1373 2704 suis
1413 2639 1490 2702 ad
1527 2640 1917 2702 Bettinellium
1944 2681 1961 2702 .
1996 2640 2155 2706 Vide
2208 2647 2390 2708 Tem,

356 2745 512 2810 XIV
551 2765 782 2830 operum
816 2746 862 2804 F
866 2744 1106 2806 rancisci
1148 2744 1369 2804 comitis
1406 2743 1694 2822 Algarotti
1717 2788 1737 2819 ,
1778 2765 1922 2826 quae
1963 2745 2224 2810 venetiis
2261 2745 2385 2805 edi-

359 2865 417 2916 ta
455 2874 587 2912 anu.
633 2853 782 2932 1764
824 2852 972 2938 typis
1033 2851 1228 2911 Caroli
1275 2850 1498 2910 Palese.
1537 2849 1821 2935 Josephus
1865 2851 2037 2911 etiam
2082 2851 2384 2912 Bartholus

360 2952 660 3042 splendide
697 2953 999 3014 admodum
1020 2949 1091 3013 de
1121 2951 1340 3013 Jacobo
1377 2953 1442 3014 in
1479 2971 1649 3037 opere
1674 2992 1693 3022 ,
1716 2949 1870 3033 quod
1909 2951 2199 3034 inscripsit
2224 2975 2235 3012 :
2263 2951 2389 3014 Ra-

360 3066 728 3135 gionamento
765 3063 952 3140 primo
992 3081 1166 3138 sopra
1207 3059 1548 3119 Ιάηεὶεῆἱιὰ
1590 3059 1693 3116 del
1730 3059 1957 3117 Dietico
1992 3061 2313 3138 quiriniano
2338 3103 2354 3117 .

447 3172 542 3245 (ι)
589 3169 720 3228 Fuit
746 3167 893 3225 inter
923 3164 1179 3224 Arcadas
1215 3165 1472 3224 Parmam
1511 3163 1789 3223 deductos
1830 3164 2057 3222 nomino
2076 3163 2384 3246 Damageti

364 3269 623 3353 Cryptei3
648 3273 798 3330 inter
822 3273 1180 3344 Intronatos,
1211 3270 1653 3350 Physiocriticos
1688 3281 1747 3328 et
1772 3272 2045 3330 Etruscos
2070 3313 2085 3328 .
2104 3273 2251 3331 Eum
2288 3279 2385 3332 sd·-

364 3374 514 3432 cium
551 3371 750 3432 habuit
788 3371 940 3450 regia
983 3371 1344 3432 scientiarum
1379 3368 1695 3432 Academia
1732 3367 2061 3450 parisiensis
2086 3413 2109 3444 ‚
2138 3385 2197 3430 et
2232 3374 2387 3450 regin

359 3475 576 3558 pariter
612 3473 972 3535 scientiarum
997 3515 1018 3545 ,
1053 3471 1366 3534 litterarum
1404 3483 1462 3532 et
1502 3469 1710 3532 artium
1746 3467 2053 3534 Academia
2070 3475 2345 3555 patavina
2366 3517 2389 3546 ,

361 3587 550 3665 ipsum
587 3581 764 3660 jactat
801 3599 965 3640 suum
997 3577 1398 3652 bononiensis,
1437 3597 1608 3658 quam
1646 3578 1973 3642 Institutum
2010 3596 2257 3653 vocant,
2290 3603 2387 3645 ra·-

359 3688 728 3752 vennatensis
770 3699 828 3747 et
867 3685 1144 3748 utinensis
1172 3684 1446 3760 ...Passim
1485 3684 1547 3744 in
1589 3685 2007 3748 Commentario
2038 3688 2139 3749 cit.

443 3796 542 3874 (2)
585 3793 806 3856 Ibidem
844 3815 974 3877 pag.
1025 3797 1154 3854 160.

444 3903 543 3984 (3)
588 3903 704 3962 Die
747 3903 823 3964 25
863 3901 1108 3980 Augusti
1157 3921 1291 3964 ann.
1341 3921 1488 3986 ¹777
1528 3901 1911 3964 Commentar.
1953 3903 2050 3964 cit.
2094 3923 2223 3988 pag.
2258 3879 2405 3988 {37-

919 4003 1003 4080 ι9
