3125 4975
1010 394 1308 443 soANms
1345 392 1691 443 BRUNA'nl
2054 388 2062 393 ·
2234 366 2373 466 337

345 506 682 613 patavinis
719 512 750 602 )
767 563 790 596 ,
825 521 899 580 et
951 508 1218 581 urbium
1270 534 1438 599 quae
1481 508 1783 599 proxime
1820 520 1977 579 sunt
1988 504 2011 579 .“
2049 562 2371 583 ......

349 631 624 707 vetustis
656 654 982 701 annorum
1025 627 1278 698 chartis
1321 638 1390 697 et
1421 627 1843 718 pergamenis
1880 626 2117 699 incubo
2148 632 2373 720 priva-

352 749 446 821 tis
476 804 499 837 ,
554 750 848 843 itemque
891 746 1182 843 publicis
1202 798 1219 816 .
1279 744 1406 815 Ibi'
1435 770 1585 815 vero
1637 744 1811 815 nihil
1848 755 1991 815 tam
2008 746 2377 837 frequens-‚¹

354 892 556 957 quam
591 892 696 937 res
726 862 1112 958 pecuniaria
1137 916 1156 937 .
1206 860 1465 959 Ubique
1489 888 1722 932 numos
1753 873 1821 931 et
1853 862 2194 949 denarios,
2231 865 2373 934 ubi-

354 1005 480 1071 que
535 976 788 1050 solidos
829 976 1038 1049 habes
1076 1028 1459 1048 .......
1500 976 1685 1045 Haec
1736 986 2203 1067 properantem
2263 1002 2375 1045 re-

355 1092 632 1163 tardant
663 1147 685 1180 ,
723 1103 794 1161 et
872 1089 1302 1186 retardando·
1317 1089 1635 1181 fatigant
1674 1138 1930 1158 .....
1977 1142 1996 1159 .
2036 1090 2373 1163 tamdem-

355 1234 482 1299 que
529 1208 758 1298 putavi
807 1206 1217 1277 commodius
1243 1259 1266 1292 ‚
1320 1216 1396 1275 ut
1451 1230 1532 1274 ex
1573 1203 1661 1274 iis
1694 1206 2020 1277 rnaturiu's
2076 1233 2375 1301 emerge-

352 1346 498 1392 rem
534 1376 553 1391 .
609 1327 712 1391 Ita
766 1324 882 1391 ille
925 1370 944 1390 .
999 1324 1222 1409 Quare
1276 1328 1544 1388 conatus
1602 1335 1704 1387 est
1757 1320 2135 1412 hujusmodi
2186 1300 2393 1393 com-—

353 1440 681 1509 mentatio
738 1439 958 1529 aliqua
1007 1438 1260 1506 ratione
1317 1437 1629 1529 expedire
1682 1462 1823 1507 rem
1863 1440 2261 1528 implicitam
2308 1458 2376 1511 et

355 1558 700 1625 obscuram
724 1606 743 1623 .
780 1560 865 1627 Et
905 1556 988 1625 ad
1027 1556 1429 1645 propositam
1469 1578 1612 1625 rem
1652 1558 2009 1641 accedens,
2046 1559 2186 1647 agit
2239 1560 2377 1647 pri-

351 1690 540 1735 mum
575 1668 657 1735 de
695 1667 914 1735 numis
949 1667 1016 1734 in
1060 1669 1437 1755 patavinam
1479 1666 1709 1739 urbem
1754 1670 2075 1757 receptis,
2108 1686 2255 1761 post
2288 1674 2371 1740 de

356 1782 574 1848 numia
625 1780 695 1847 in
733 1780 878 1869 ipsa
915 1779 1074 1847 urbe
1114 1780 1384 1870 signatis
1415 1808 1436 1866 3
1476 1795 1542 1847 et
1582 1780 1714 1849 alia
1754 1781 1839 1849 ad
1878 1782 2242 1872 pleniorem
2280 1786 2373 1854 rei

355 1892 546 1986 hujus
587 1893 1086 1963 illustrationem
1126 1892 1462 1984 adjungit,
1495 1893 1713 1961 allatis
1751 1908 2013 1964 summa
2049 1894 2175 1963 fide
2213 1900 2381 1987 opti-

357 2011 487 2078 mis
543 2034 618 2079 ac
673 2010 974 2103 genuinis
1033 2012 1270 2079 aetatis
1323 2009 1677 2103 cujuslibet
1732 2010 2186 2081 documentis·
2252 2014 2378 2082 His

355 2146 692 2219 tamquam
731 2132 1132 2199 Mantissam
1171 2128 1441 2222 subjicit
1481 2115 1970 2199 annotationem
2008 2129 2095 2197 de
2127 2130 2374 2201 annulo

356 2240 666 2309 Marsilii
702 2239 788 2309 de
827 2242 1136 2339 Cart-arici
1156 2292 1174 2312 .
1198 2246 1294 2311 Ac
1333 2244 1625 2311 tamdem
1650 2245 2111 2313 Patavinorum
2134 2262 2202 2313 et
2218 2247 2375 2313 Car-

358 2357 744 2427 rariensium
775 2381 1119 2425 numorum
1160 2340 1827 2448 veterum'specimen
1862 2362 2132 2430 exhibet
2169 2361 2238 2430 in
2281 2362 2374 2432 ul-

359 2474 540 2544 timis
575 2473 730 2545 libri
769 2473 1060 2565 paginiS.
1111 2474 1219 2544 Sic
1253 2458 1388 2543 non·
1415 2475 1743 2565 patavinis
1780 2462 2037 2548 ⁸civibus
2076 2495 2330 2549 tantum
2351 2532 2374 2564 ,

357 2589 474 2660 sed
521 2605 588 2658 et
623 2589 899 2658 aliarum
940 2588 1233 2677 gentium
1272 2589 1540 2657 eruditis
1581 2587 1739 2656 viris
1779 2613 2021 2681 magna
2052 2613 2203 2661 eum
2242 2593 2381 2659 lau-

360 2707 442 2776 de
470 2707 805 2777 consuluit
842 2708 984 2796 (1).
1045 2709 1230 2796 Opus
1287 2706 1413 2776 hoc
1469 2706 1849 2800 diligentius
1888 2722 2113 2796 postea
2172 2723 2380 2775 retra..

359 2821 600 2906 ctavit,
639 2837 708 2891 et
753 2821 938 2890 auxit
974 2821 1158 2890 novis
1199 2820 1686 2910 additionibus,
1720 2841 1887 2915 quae
1925 2820 2135 2890 latent
2172 2821 2383 2890 adhuc

365 2933 652 3001 ineditae
676 2984 690 3002 .

429 3049 768 3119 Habemus
797 3066 1134 3140 praeterea
1165 3050 1552 3122 utilissimas
1587 3051 1885 3145 ejusdem
1913 3049 2205 3120 Brunatii
2246 3049 2388 3118 ani-

365 3165 848 3246 madversiones
887 3166 956 3234 in
996 3168 1202 3236 latina
1251 3171 1536 3258 quadam
1600 3169 1808 3256 ipsius
1864 3167 2143 3257 epistola
2180 3168 2265 3238 ad
2304 3169 2378 3236 P.

361 3277 750 3347 Anselmum
787 3277 1232 3352 Costadonum
1280 3282 1428 3372 (2),
1457 3281 1527 3352 in
1568 3303 1695 3376 qua
1735 3282 1818 3350 de
1858 3279 2109 3350 duabus
2148 3304 2379 3352 mone-

1375 3513 1707 3544 mmmm

440 3681 540 3759 (1)
584 3677 740 3744 Vide
790 3680 941 3740 Acta
986 3678 1350 3746 Eruditorum
1393 3681 1679 3763 LipsienS.
1722 3681 1797 3743 ad
1849 3703 1981 3744 ann.
2032 3684 2181 3766 1745
2237 3697 2377 3766 pag:

363 3787 496 3862 407.
521 3828 540 3860 ,
583 3782 989 3866 Ephcmeridas
1031 3783 1358 3845 florentinas
1397 3805 1531 3847 ann.
1578 3791 1727 3868 ¹744
1756 3787 1867 3849 col.
1912 3788 2170 3872 760.,et
2188 3788 2373 3870 praef.

267 3945 278 3952 .
365 3892 430 3960 Τ
434 3911 542 3950 om.
585 3891 798 3956 XLVI
841 3891 1194 3953 collectionis
1240 3893 1677 3976 Calogerianae.

397 4081 405 4090 .
445 3994 540 4084 (2)
585 3995 790 4056 Mense
831 3994 1100 4058 Februar.
1150 3993 1321 4078 1751.

905 4097 996 4146 22
