3125 4975
889 350 1028 425 262
1514 372 1689 425 vm
1734 374 2039 425 sim-oxu
2070 354 2307 429 sumet
2374 396 2379 399 -

887 490 1244 561 sollicitum
1295 516 1611 584 umquam
1652 491 1923 579 habuit,
1973 509 2314 583 utramque
2351 496 2753 589 contempsit
2774 507 2801 571 .'
2828 501 2919 579 Ῑιι

883 605 1243 675 amicorum
1280 628 1629 700 congressu
1683 606 2045 707 jucundus3
2080 607 2355 680 hilarari
2409 608 2763 683 videbatur
2793 638 2913 687 so-

883 722 1128 810 eietas,
1166 724 1282 797 nbi
1337 720 1454 799 ille
1493 726 1753 798 adesset
1788 774 1806 795 .
1844 726 2043 811 Erat,
2100 744 2173 799 nt
2220 724 2318 799 ita
2354 724 2613 815 dicam,
2668 746 2917 805 tracta-

877 841 1038 913 bilis
1073 843 1215 937 ejus
1251 844 1497 929 virtus,
1555 844 1769 915 facilis
1808 860 1877 915 et
1950 844 2275 919 humana.
2341 845 2601 939 Religio
2658 848 2915 941 solida,

877 982 1010 1028 non
1049 980 1314 1029 severa.
1363 960 1618 1049 Magna
1654 958 1837 1027 illius
1874 959 1947 1031 in
2000 959 2187 1029 omni
2243 958 2381 1031 vita
2426 960 2863 1061 aequabilitas
2886 992 2913 1055 ς

875 1100 1118 1171 magna
1170 1078 1242 1152 in
1297 1078 1591 1169 hospites
1628 1076 2035 1161 liberalitas,
2074 1079 2374 1155 Comiter
2429 1078 2555 1147 hos
2600 1082 2915 1173 excipere

874 1210 1304 1265 consueverat
1325 1246 1346 1279 ‚
1376 1192 1498 1265 hos
1535 1194 1831 1265 detinere
1859 1195 2147 1267 suaviter
2172 1248 2189 1267 .
2228 1193 2519 1269 Difficile
2556 1215 2777 1273 autem
2810 1200 2912 1268 di-

871 1324 982 1380 ctu
1021 1326 1157 1395 est,
1197 1324 1518 1407 quantum
1576 1308 1885 1381 conciliet
1924 1309 2181 1384 animos
2219 1309 2567 1389 hominum
2628 1312 2907 1383 comitas

869 1423 1362 1519 affabilitasque
1409 1430 1732 1504 sermonis
1757 1482 1773 1500 .
1808 1432 1875 1501 Is
1912 1429 2251 1500 enimvero
2292 1428 2419 1505 fuit
2458 1430 2763 1503 omnibus
2798 1452 2907 1505 ea,

866 1542 1206 1623 tissimus.
1247 1541 1340 1614 Iis
1377 1566 1536 1633 prae
1574 1544 1846 1628 ceteris,
1888 1524 2139 1635 ‘quibus
2180 1560 2518 1633 praeerat,
2578 1568 2709 1621 non
2764 1558 2909 1611 tam

867 1675 1266 1748 potestatem
1303 1657 1370 1725 in
1400 1682 1510 1725 eos
1547 1678 1861 1725 exercens
1885 1706 1906 1741 ,
1936 1678 2133 1747 quam
2172 1657 2465 1751 singulos
2502 1656 2634 1723 sibi
2682 1676 2918 1727 amore

871 1774 1251 1849 devinciens
1274 1824 1289 1844 .
1333 1772 1695 1851 Neminem
1732 1794 2021 1859 unquam
2060 1796 2189 1840 non
2216 1796 2319 1857 re,
2350 1794 2480 1844 non
2518 1771 2751 1855 verbo,
2774 1796 2923 1849 non

867 1888 1054 1962 vultu
1083 1882 1359 1960 offendit
1386 1937 1401 1951 .
1435 1888 1656 1971 Quare
1688 1882 1993 1951 certatim
2032 1906 2263 1953 omnes
2302 1907 2452 1953 eum
2490 1882 2799 1952 colebant
2840 1902 2920 1958 et

873 2000 1228 2079 amabant‘
1270 2000 1489 2090 Atque
1525 1999 1651 2079 hoc
1689 2015 2021 2103 postremo
2066 2001 2246 2080 vitae
2302 2001 2443 2097 ejus
2484 2018 2781 2103 tempore
2838 2001 2915 2085 in

863 2115 1100 2209 primis
1141 2114 1474 2205 cognitum
1497 2164 1522 2191 .,

955 2234 1110 2309 Non
1151 2234 1358 2311 multo
1388 2230 1643 2307 scilicet
1682 2247 1835 2310 ante
1874 2244 2197 2318 mortem,
2236 2234 2398 2311 dum
2436 2252 2693 2303 sacrum
2732 2230 2905 2310 fac&

864 2370 1001 2439 ret,
1045 2376 1116 2422 se
1178 2368 1448 2443 repente
1487 2352 1696 2424 ictum
1752 2352 1959 2421 sensit
2012 2356 2362 2447 ρὶππληξίᾳ,
2394 2402 2411 2423 .
2470 2354 2708 2441 Ingens
2760 2366 2901 2421 sta-

863 2464 988 2560 tim
1021 2489 1103 2534 ex
1133 2465 1404 2557 inopino
1439 2489 1599 2544 casu
1638 2462 1957 2544 adstantis
1984 2466 2214 2556 populi
2252 2464 2720 2534 consternatio.
2753 2466 2807 2536 F
2809 2464 2903 2534 le.

863 2603 936 2650 re
976 2603 1242 2666 omnes,
1277 2597 1345 2652 et
1380 2580 1596 2655 vicem
1632 2578 1968 2654 miserari,
2000 2581 2171 2646 Mox
2206 2578 2497 2669 undique
2541 2575 2897 2656 accurritur

864 2713 936 2767 et
991 2695 1410 2770 discurritur.
1449 2695 1771 2761 Parantur
1806 2691 1987 2770 illico
2020 2687 2239 2780 plures
2275 2715 2537 2785 currus3
2566 2691 2783 2789 plures
2808 2692 2895 2767 ad

867 2813 1164 2883 medicos
1215 2810 1462 2900 passim
1515 2810 1903 2886 convolant,
1964 2808 2268 2900 Mitigari
2316 2809 2583 2888 morbus
2642 2809 2892 2899 potuit,

865 2939 935 2994 at
971 2947 1101 2992 non
1142 2921 1387 3018 depelli
1409 2949 1431 3010 3
1471 2921 1609 2990 imo
1666 2921 1899 2992 eodem
1936 2919 2151 3000 denuo
2204 2925 2539 3016 perculsus
2592 2922 2891 3021 aliquan-

867 3057 1006 3109 tum
1061 3040 1375 3132 temporis
1429 3055 1581 3134 post
1632 3038 1992 3113 exstinctus
2028 3039 2235 3142 jacuit
2270 3041 2597 3120 Antonius
2631 3043 2701 3112 V
2738 3041 2891 3120 Idus

861 3157 1146 3230 Martias
1201 3183 1351 3236 ann.
1419 3159 1627 3252 1776,
1666 3183 1977 3252 magnum
2015 3160 2322 3242 omnibus
2354 3159 2454 3230 sui
2492 3158 2893 3234 desiderium

865 3277 1277 3369 relinquens.
1317 3277 1512 3377 Quod
1551 3295 1774 3350 tamen
1814 3279 2053 3350 minuit
2099 3280 2507 3365 Alexander,
2544 3276 2761 3347 fratris
2814 3294 2886 3344 e-

863 3387 1121 3485 jusdem
1163 3391 1375 3477 filius,
1413 3415 1610 3493 quern
1648 3393 1905 3490 jamdiu
1940 3393 2145 3466 habet
2180 3395 2253 3468 in
2308 3391 2615 3498 pastorali
2666 3409 2889 3462 mune«

867 3529 942 3584 re
979 3527 1416 3578 successorem
1435 3557 1455 3586 ,
