3125 4975
298 462 449 549 loeo
489 465 625 541 nati
648 520 665 538 .
706 465 811 540 Ac·
846 489 931 536 ne
968 464 1119 558 quis
1178 450 1343 534 forte
1379 455 1815 555 impediretur
1851 465 2173 537 tenuitate
2227 466 2352 537 do·-

303 591 571 665 'mestici
616 586 1001 681 patrimii
1018 638 1041 673 ,
1080 584 1429 677 quominus
1466 583 1676 659 bonas
1723 598 1897 655 artes
1936 585 2302 677 acquireret
2327 637 2353 670 ,

304 708 443 781 suis
480 708 637 801 ipse
666 700 1049 796 suptilius
1084 723 1203 772 eos
1236 714 1307 769 et
1340 714 1803 792 praeceptores
1839 698 2062 769 alebat
2081 753 2102 786 ‚
2141 702 2362 769 muni-

302 823 573 897 ficentia
606 842 777 915 quae
816 816 1129 908 exemplo
1166 829 1351 886 caret
1401 814 1511 906 (1)
1531 865 1550 884 .
1607 813 1800 885 Idem
1835 811 2232 883 urbanitatis
2283 842 2361 885 a..

308 960 531 1027 mator
566 940 889 1037 inissent,
922 960 1047 1029 par
1090 936 1407 1032 juvenum
1446 956 1533 1003 ex
1582 932 1882 1025 quolibet
1926 932 2364 1013 contubernio

310 1082 383 1129 se
418 1056 555 1126 sibi
592 1055 865 1139 sistere,
900 1050 1163 1144 quoties
1198 1049 1345 1141 ipse
1382 1071 1457 1117 se
1494 1070 1576 1117 eo
1615 1048 2006 1119 contulisset
2032 1102 2054 1133 ,
2091 1066 2161 1119 et
2207 1048 2356 1119 osli..

308 1171 509 1241 ciosis
546 1168 768 1239 verbis
821 1167 1181 1237 adventum
1238 1160 1598 1254 gratulari:
1638 1161 1874 1233 solitus
1910 1162 2188 1233 eosdem
2237 1164 2366 1237 be-

310 1290 515 1380 nigne
563 1287 917 1377 excipere,
952 1285 1165 1373 iisque
1200 1282 1582 1351 humaniter
1635 1282 2066 1372 respondere.
2131 1283 2360 1377 thue

312 1406 561 1477 arctius
595 1404 729 1487 sibi
767 1424 881 1471 ens
934 1398 1333 1486 devinciret,
1382 1396 1702 1489 quamdiu
1737 1397 1837 1468 ibi
1895 1398 2354 1491 detinebatur,

323 1518 661 1610 quotidie,
698 1516 787 1585 iis
818 1512 1313 1606 praesentibus,
1354 1512 1748 1603 mysterium
1789 1512 2167 1585 celebrabat
2204 1518 2354 1606 (2).

421 1636 677 1705 Ibidem
717 1632 1127 1711 habebantur
1158 1632 1474 1724 publicae
1509 1632 1919 1705 Academiae
1949 1635 2350 1706 litterariae:

325 1750 673 1819 nonnullae
708 1748 914 1819 etiam
950 1747 1035 1817 ad
1072 1746 1291 1842 majus
1328 1746 1593 1816 illarum
1633 1746 1832 1819 decus
1877 1747 2150 1819 habitae
2207 1766 2370 1821 sunt

322 1864 607 1937 atestino
640 1864 711 1931 in
748 1862 1039 1955 oppido,
1074 1862 1249 1954 quod
1308 1860 1435 1931 tria
1496 1860 1716 1931 millia
1753 1853 2066 1955 passuum
2099 1865 2369 1936 circiter

311 1970 545 2055 Tresto
581 1982 825 2067 distat,
863 2005 945 2053 eo
982 1978 1543 2051 convenientibus·
1575 1964 1892 2053 audiendi
1933 1981 2144 2075 gratia
2181 1985 2375 2056 nobi-

314 2100 592 2173 lissimis
626 2103 791 2175 viris
824 2100 1103 2173 Pa’tavio
1150 2098 1399 2192 pariter
1438 2116 1507 2170 et
1548 2100 1820 2174 Vicetia
1850 2156 1868 2172 .
1910 2104 2008 2173 Ac
2065 2104 2370 2177 Vicetini

320 2220 595 2311 quidem
615 2274 636 2307 ,
672 2244 795 2311 pro
828 2217 1095 2313 ingenio
1132 2220 1389 2311 patrio,
1425 2220 1495 2289 in
1538 2220 2050 2293 admirationem
2107 2224 2367 2317 abrepti

320 2338 495 2409 illud
532 2364 573 2408 a
610 2356 860 2408 rectore
917 2338 1267 2429 aliquando
1322 2341 1572 2431 precati
1610 2357 1764 2410 sunt
1784 2394 1806 2429 ,
1855 2358 1932 2411 ut
1968 2341 2098 2413 sibi
2139 2344 2378 2414 liceret

322 2456 761 2530 Academicos
801 2454 1137 2530 vicetiam
1170 2482 1397 2530 secum
1435 2458 1784 2530 traducere
1824 2460 1959 2530 suis
1999 2462 2366 2553 impensis,

328 2597 463 2664 quo
494 2597 647 2644 suas
676 2571 779 2642 ibi
806 2571 1295 2644 lucubrationes
1332 2574 1577 2643 iterum
1615 2575 2006 2642 recitarent.
2027 2576 2204 2644 Hinc
2234 2579 2381 2668 plu-

326 2693 485 2766 rimi
524 2690 701 2764 sama
739 2692 943 2764 exciti
982 2715 1069 2764 ex
1102 2692 1381 2765 remotis
1418 2693 1630 2764 etiam
1665 2691 2042 2786 regionibus
2079 2715 2160 2762 eo
2210 2693 2374 2762 mit-

319 2815 463 2878 tere
496 2787 669 2879 filios
704 2831 892 2894 suos,
932 2823 1005 2876 ut
1042 2787 1133 2878 ed
1163 2809 1484 2899 pietatem
1522 2825 1594 2878 et
1629 2807 1880 2878 cultum
1918 2805 2236 2878 bonarum
2273 2831 2372 2876 ar-

316 2920 489 2990 tium
530 2920 1043 2990 insti-ueremur.
1090 2919 1205 2992 Sic
1254 2920 1632 3012 Collegium
1689 2923 1762 2992 in
1818 2945 2130 3016 magnam
2185 2921 2378 2992 brevi

309 3035 778 3123 eelebritatem
800 3034 1053 3121 evasit3
1086 3050 1155 3102 et
1183 3033 1327 3130 ejus
1354 3051 1580 3105 auctor
1599 3061 1732 3106 non
1749 3037 1972 3107 minus
1995 3036 2369 3107 Ecclesiam

310 3141 491 3247 iuvit
511 3207 532 3240 ‚
569 3179 767 3246 quam
804 3152 1319 3244 Rempublieam
1339 3206 1361 3241 ,
1397 3172 1473 3224 ut
1510 3155 1784 3247 optabat
1821 3156 1930 3247 (3)
1949 3208 1970 3224 .

410 3271 557 3342 Sed
593 3296 759 3363 quae
812 3273 1253 3347 humanarum
1310 3297 1529 3344 rerum
1577 3274 1872 3344 conditio
1909 3289 2012 3344 est
2048 3290 2122 3343 ut
2175 3273 2382 3344 finem

317 3371 627 3460 babeant
646 3439 675 3475 ,
728 3387 961 3462 eadem
1017 3407 1088 3462 et
1144 3390 1341 3488 hujus
1375 3389 1660 3484 collegii
1698 3389 1825 3462 fuit
1847 3441 1866 3458 .
1903 3391 2100 3460 Auno
2124 3459 2128 3465 ,
2151 3391 2382 3482 itaque

1018 3600 1347 3628 “mm

408 3757 515 3837 (ι)
548 3757 818 3821 Ricchin.
858 3757 923 3820 ih
962 3763 1085 3824 vita
1122 3761 1309 3844 ejusd.
1352 3763 1515 3826 Beati
1550 3761 1595 3825 l.
1646 3783 1699 3826 ι.
1739 3785 1792 3825 e.
1843 3785 1938 3830 12.

404 3865 513 3946 (2)
557 3863 691 3928 Aet.
732 3871 944 3931 Beatir.
986 3871 1076 3933 T.
1116 3871 1195 3934 11.
1237 3875 1518 3936 Summar.
1556 3893 1702 3956 pag&
1732 3893 1873 3936 210.

402 3969 513 4058 (3)
554 3969 709 4036 [bid.
744 3973 834 4035 T.
876 3973 986 4042 IV.
1016 3976 1297 4038 Sumn-
1334 3995 1473 4058 pag.
1510 3975 1654 4036 226.
1688 3975 1834 4038 252·
