3125 4975
957 411 1123 461 vum
1161 406 1440 460 Jossspnt
1479 409 1747 461 Toum
2196 395 2335 486 387

387 537 484 617 Ac
527 538 820 631 primum
860 510 1128 627 quidem
1175 539 1202 627 (
1225 553 1294 604 ut
1334 535 1548 604 ferunt
1590 537 1899 606 instituta
1938 531 2130 632 liujus
2161 536 2339 630 loci)

281 653 379 726 ab
435 651 788 722 elementis
844 651 1316 740 grammaticae
1377 673 1623 717 munus
1681 673 1948 719 exorsus
2008 671 2145 740 est,
2199 671 2340 724 tum

289 770 382 837 ad
423 769 656 838 altiora
711 763 1138 854 progrediens
1199 763 1556 834 Seminarii
1600 763 1903 832 alumnos
1954 763 2341 855 aliquandiu

291 881 371 951 in
411 884 745 950 rhetorum
789 879 1112 969 palaestra
1167 879 1504 963 exercuit,
1545 881 1741 968 paulo
1782 897 1925 968 post
1982 881 2341 949 traducitur

297 1001 388 1070 ad
427 999 798 1069 matheseos
839 997 1304 1086 disciplinam,
1339 1017 1534 1086 quam
1562 986 1899 1086 'peculiari
1942 1017 2164 1067 amore
2196 1023 2340 1090 pro-

301 1111 736 1202 sequebatur.
777 1111 968 1177 Hunc
1009 1108 1144 1202 jam
1189 1125 1329 1176 tum
1369 1107 1774 1192 imbiberat,
1831 1134 1980 1178 cum
2029 1112 2340 1182 Succium

303 1227 516 1298 audiit
555 1228 622 1292 in
665 1225 1011 1314 patavinae
1055 1222 1234 1289 urbis
1275 1223 1825 1312 Archigymnasio
1866 1221 2337 1314 professorem,

303 1367 520 1415 rerum
564 1329 938 1436 'hujusmodi
987 1333 1267 1408 scientia
1325 1341 1614 1410 clarum.
1676 1345 1741 1410 Is
1790 1344 1965 1412 enim
2008 1345 2107 1413 illi
2150 1344 2339 1434 quasi

303 1463 486 1531 viam
527 1477 867 1553 aperuerat
903 1461 988 1530 ad
1038 1460 1354 1528 interiora
1391 1461 1789 1551 disciplinae
1842 1463 2037 1554 hujus
2093 1463 2333 1550 adyta,

311 1581 660 1672 praecipue
713 1567 870 1648 'vero
924 1581 1008 1648 ad
1069 1577 1408 1648 difficilem
1459 1580 1807 1652 cartesiani
1850 1595 1917 1648 et
1957 1579 2334 1649 leibnitiani

309 1697 592 1784 calculi,
650 1713 720 1767 ut
775 1693 1003 1793 ajunt,
1047 1697 1560 1788 intelligentiam
1596 1747 1611 1767 .
1667 1701 1791 1768 IIis
1832 1699 2067 1789 opibus
2110 1718 2337 1772 auctus

305 1817 552 1910 Joseph
589 1841 738 1887 suos
779 1818 1108 1888 auditores
1149 1815 1375 1886 sedulo
1415 1816 1757 1886 instituere
1795 1816 2051 1907 coepit,
2087 1841 2162 1886 ac
2198 1844 2334 1888 mo·
2400 1802 2412 1812 ⁸

305 1940 463 2008 dum
503 1937 744 2006 iisdem
787 1933 1042 2006 tradere
1083 1933 1483 2006 dissolvendi
1532 1935 1975 2026 implicatiora
2033 1961 2331 2040 quaeque

302 2059 750 2150 problemata,
791 2069 932 2125 tum
978 2055 1360 2140 ostendere,
1401 2045 1560 2147 quos
1602 2053 1835 2124 eadem
1886 2055 2131 2124 traduci
2188 2081 2339 2146 pos-

309 2189 456 2242 sent
496 2173 566 2240 in
601 2191 908 2256 usus,ne
945 2170 1016 2238 in
1053 2171 1680 2262 contemplationem
1723 2169 2030 2240 desinant
2072 2191 2333 2262 prorsus

312 2291 608 2361 sterilem
633 2337 648 2357 .

403 2411 500 2477 Ea
541 2419 930 2498 tempestate
965 2395 1360 2476 immortalis
1401 2402 1688 2477 Galilaei
1738 2427 1933 2496 opera
1972 2401 2329 2477 Seminarii

305 2518 602 2615 patavini
647 2521 820 2610 typis
858 2520 1104 2611 vulgari
1147 2537 1418 2609 coepta.
1481 2520 1663 2589 Haec
1717 2517 1849 2613 jam
1891 2534 1957 2587 et
1997 2536 2147 2587 ante
2204 2520 2333 2588 ali-

301 2630 478 2707 unde
515 2630 927 2727 prodierant,
967 2634 1082 2704 sed
1125 2632 1332 2703 multo
1368 2632 1629 2702 uberior
1666 2648 1735 2701 et
1774 2632 2086 2721 pulcrior,
2122 2656 2321 2721 quam

297 2755 543 2839 altera,
607 2774 772 2822 nova
811 2750 1047 2839 editio,
1079 2752 1163 2823 ad
1215 2752 1397 2845 cujus
1456 2751 1873 2843 splendorem
1919 2774 2044 2819 non
2090 2772 2325 2839 parum

294 2870 576 2939 contulit
596 2866 884 2940 'roaldus
909 2866 1182 2937 eruditis
1213 2870 1426 2958 ipsam
1450 2866 1979 2937 annotationibus
2006 2920 2023 2947 ,
2048 2882 2115 2933 et
2136 2887 2327 2955 prae-

300 2983 660 3057 fationibus
702 3010 979 3077 augens.
1017 2986 1204 3056 Idem
1249 3004 1583 3077 praeterea
1622 2964 1907 3083 obtinuit
1948 2980 2331 3053 facultatem

299 3102 545 3176 edendi
585 3101 726 3198 ejus
767 3103 1100 3195 dialogum
1143 3104 1224 3174 de
1265 3104 1549 3193 mund03
1604 3103 1913 3175 nonnulla
1972 3120 2193 3171 tamen
2246 3102 2331 3171 ad

308 3222 402 3292 rei
443 3220 952 3293 illustrationem
991 3221 1274 3319 subjecit
1299 3277 1318 3309 ,
1359 3226 1601 3315 partim
1642 3250 1677 3295 a
1718 3250 1789 3294 se
1829 3238 2133 3309 exarata,
2172 3246 2329 3315 par-

305 3338 428 3409 tim
471 3336 552 3406 ab
591 3337 739 3427 ipso
779 3352 1038 3407 auctore
1078 3336 1464 3429 deprompta
1491 3389 1506 3407 .

393 3450 756 3523 Antonium
799 3453 882 3521 de
921 3438 1595 3540 Comitibus,'virum
1634 3450 2087 3522 doctissimum
2136 3469 2205 3521 et
2252 3476 2325 3522 a·

299 3568 788 3645 mantissimum
840 3566 1176 3639 doctorum
1239 3570 1619 3655 hominum,
1653 3554 1861 3637 ⁴coluit
1920 3566 2329 3639 studiosissi-

297 3664 571 3769 me,⁶ab
611 3682 845 3753 eodem
881 3682 1092 3755 factus
1130 3703 1198 3754 et
1235 3683 1375 3775 ipse
1415 3684 1725 3774 plurimi.
1778 3685 1853 3753 Ei
1906 3683 2112 3753 multa
2163 3678 2323 3751 refe-

297 3800 490 3874 rebat
527 3817 836 3891 accepta,
874 3824 1043 3891 quae
1083 3800 1252 3870 scitu
1292 3798 1529 3893 digna,
1580 3798 1979 3889 optimorum
2038 3821 2325 3889 praeser-

295 3918 426 3987 tim
487 3918 804 3989 librorum
865 3917 1306 4011 cognitionem
1353 3972 1370 3989 .
1435 3917 1904 4011 Quinquennio
1967 3933 2116 4005 post
2176 3917 2320 4011 ejus

285 4050 580 4125 mortem
618 4034 688 4108 in
726 4037 942 4110 lucem
980 4036 1250 4133 protulit
1283 4034 1583 4133 ejusdem
1624 4060 1825 4133 opera
1861 4060 2013 4109 cum
2052 4031 2195 4131 ejus
2228 4040 2321 4121 vi-
