3125 4975
1077 370 1286 425 ›nr-nr
1320 350 1641 425 rAccrom'
2226 356 2317 427 32

345 490 798 576 tractandum,
831 504 912 559 ut
948 488 1136 561 decet
1163 543 1186 576 ‚
1223 491 1328 560 vel
1377 491 1751 559 Facciolato
1796 508 1959 581 opus
2013 507 2227 578 esset,
2266 490 2372 563 vel

344 608 682 677 Facciolo.
1705 691 1711 697 .

440 708 558 789 Ad
585 736 955 789 extremum
993 717 1304 787 Parmam
1344 717 1636 807 perrexit
1670 739 1749 785 eo
1785 714 2051 805 pu‘blica
2096 722 2373 791 auctori-

347 854 490 907 tate
535 838 890 921 invitatus,
937 852 1008 904 ut
1061 837 1134 903 in
1173 834 1352 925 regio
1389 835 1508 904 illo
1554 838 1773 925 Lyceo
1813 860 2075 929 graecas
2113 838 2379 908 latinas-

348 976 476 1046 que
516 956 766 1025 litteras
819 953 1263 1045 profiteretur.
1303 954 1407 1023 Ibi
1449 953 1717 1043 juvenes
1763 955 1848 1023 ad
1896 955 2379 1025 humanitatem

351 1068 674 1154 excoluit,
713 1092 788 1137 ac
827 1067 1063 1136 studiis
1109 1064 1432 1157 praefuit.
1481 1065 1618 1135 Ubi
1659 1066 1947 1158 primurn
1982 1068 2107 1137 hoc
2146 1092 2381 1139 munus

349 1188 536 1274 iniit,
561 1189 836 1257 latinam
862 1187 1222 1255 orationem
1256 1185 1520 1269 habuit,
1543 1186 1613 1252 in
1648 1210 1776 1276 qua
1813 1188 2187 1271 contendit,
2214 1186 2379 1259 falso

345 1306 516 1376 illud
545 1302 994 1398 percrebuisse
1017 1354 1038 1387 ,
1069 1324 1192 1371 nec
1227 1298 1470 1370 bonum
1507 1310 1839 1371 oratorem
1860 1354 1883 1384 ,
1910 1314 2177 1391 poetam
2192 1330 2223 1385 ,·
2254 1330 2377 1375 nec

353 1421 596 1493 bonum
638 1430 949 1510 poetam,
987 1428 1322 1487 oratorem
1360 1416 1711 1507 futurum.
1769 1420 1978 1510 quue
2025 1423 2378 1491 ostenden-

352 1536 513 1604 dum
552 1530 842 1619 suscepit
879 1554 957 1599 ea
995 1546 1218 1599 mente
1241 1582 1262 1615 ,
1303 1546 1384 1615 ut,
1409 1555 1597 1599 suam
1656 1531 1727 1599 in
1766 1530 2190 1620 disciplinam
2246 1550 2381 1603 tra-

350 1654 524 1725 ditos
563 1651 1008 1721 adolescentes
1061 1650 1384 1739 erigeret,
1439 1651 1775 1739 utriusque
1830 1650 1993 1739 ipsis
2050 1653 2385 1741 proposita

351 1764 562 1842 laudis
602 1786 760 1853 spe.
798 1762 1065 1830 Dicenti
1125 1763 1398 1831 aderant
1443 1763 1535 1831 rei
1594 1764 1951 1835 litterariae
2009 1765 2383 1835 moderato-

351 1904 494 1965 res,
536 1874 931 1969 professores
987 1874 1260 1955 eximii,
1311 1875 1560 1965 virique
1618 1875 1963 1947 lectissimi
2017 1902 2101 1949 ex
2149 1882 2381 1970 quovis

351 1998 618 2067 ordine.
661 1994 908 2065 Habita
943 1993 1152 2062 oratio
1205 1991 1333 2063 fuit
1369 1994 1438 2061 in
1493 1994 1645 2064 aula
1679 1995 1929 2086 publici
1978 1996 2144 2086 regii
2199 1998 2383 2069 illius

351 2112 552 2203 Lycei
589 2112 696 2180 IV
733 2110 878 2179 Cal.
900 2108 1254 2178 Decembr.
1295 2132 1398 2177 an.
1435 2132 1801 2199 1770‚cum
1826 2112 2021 2201 paulo
2058 2130 2211 2182 ante
2235 2115 2385 2183 Ma·-

365 2231 464 2299 ria
503 2227 768 2297 Amalia
822 2225 1214 2294 Ferdinandi
1258 2225 1624 2324 parmensis
1664 2226 1847 2295 ducis
1898 2245 2167 2319 augusta
2232 2253 2391 2298 con-

356 2342 473 2436 jux
509 2338 762 2431 prolem
791 2335 1071 2405 feliciter
1107 2337 1455 2419 edidisset,
1488 2354 1556 2404 et
1584 2340 1993 2425 praecedenti
2036 2360 2226 2411 nocte
2245 2368 2387 2412 sae-

359 2456 508 2548 pius
565 2451 884 2523 tonuisset
933 2465 1190 2542 praeter
1245 2471 1536 2522 morem.
1586 2449 1907 2538 quuein
1964 2476 2157 2523 causa
2218 2455 2385 2544 fuit,

365 2589 480 2638 cur
514 2567 744 2636 Petrus
782 2569 810 2655 (
846 2555 918 2634 ut
956 2563 1100 2654 ipse
1139 2563 1222 2632 de
1259 2585 1330 2630 se
1379 2559 1669 2650 fatetur)
1710 2559 2061 2631 confecerit
2106 2566 2393 2642 latinum

365 2705 632 2760 carmen
668 2700 1102 2771 praepropere
1123 2727 1144 2762 ,
1169 2691 1236 2744 et
1275 2691 1424 2766 post
1459 2661 1831 2744 orationem·
1860 2675 2040 2744 illico
2068 2677 2391 2768 recitave-

367 2799 490 2870 rit.
547 2801 740 2891 Quod
797 2799 1065 2890 quidem
1129 2812 1479 2888 exceptum
1518 2795 1799 2866 arbitror
1835 2796 2093 2889 magnis
2140 2797 2397 2888 plausi-

368 2913 490 2991 bus
529 2913 600 2982 in
637 2938 708 2983 re
757 2928 892 2982 tam
933 2910 1176 2983 fausta.
1457 2997 1464 3003 ἢ

448 3029 644 3101 Anno
683 3049 875 3110 vero,
905 3025 1018 3114 qui
1057 3025 1357 3114 proxime
1394 3040 1654 3096 secutus
1702 3037 1841 3108 est,
1869 3023 2167 3115 ejusdem
2224 3027 2393 3118 regii

369 3145 573 3230 Lycei
611 3142 846 3218 studiis
895 3141 1186 3210 oratione
1226 3143 1546 3232 prolusit,
1587 3142 1693 3211 cui
1742 3143 1949 3210 multa
1987 3144 2305 3230 eruditio,
2329 3163 2401 3218 ut

368 3261 572 3328 etiam
612 3257 798 3326 alteri
821 3309 842 3341 ,
877 3258 958 3325 de
982 3282 1108 3348 qua
1145 3260 1340 3330 modo
1377 3259 1706 3330 diximus.
1746 3261 2043 3348 Utraque
2079 3263 2399 3350 reperitur

371 3371 444 3440 in
485 3369 818 3439 volumine
854 3393 1054 3439 manu
1083 3371 1362 3460 scripto.
1406 3374 1486 3440 In
1525 3395 1605 3440 eo
1644 3371 2057 3441 continentur
2091 3375 2400 3466 plurima,

372 3505 442 3559 ct
478 3489 748 3582 quidem
788 3488 960 3580 inter
996 3513 1068 3558 se
1107 3489 1328 3559 varia:
1369 3491 1577 3559 latina
1614 3507 1681 3559 et
1708 3490 1902 3578 itala3
1930 3513 2111 3562 sacra
2149 3510 2217 3561 et
2254 3519 2399 3585 pro.

369 3604 570 3693 fana3
625 3606 878 3691 silvae,
934 3606 1376 3676 oratiunculae
1409 3659 1430 3692 ,
1490 3605 1966 3698 praefationes,
2027 3610 2401 3682 annotatio-

373 3745 523 3807 nes,
563 3720 986 3808 academiae,
1025 3721 1094 3789 in
1150 3721 1388 3812 quibus
1449 3721 1743 3792 carmina
1781 3738 2099 3795 structura
2154 3749 2231 3795 ac
2273 3749 2399 3796 nu-

373 3863 556 3909 mero
593 3836 947 3908 dissimilia
969 3890 989 3923 ,
1015 3821 1288 3930 quorum
1330 3838 1549 3930 aliqua
1590 3839 1805 3908 minus
1838 3838 2068 3926 fluida,
2093 3858 2166 3909 ut
2194 3843 2401 3915 etiam

367 3955 442 4030 in
481 3952 651 4022 libro
673 4005 696 4039 ,
732 3975 930 4044 quem
967 3951 1114 4045 ipse
1149 3951 1486 4046 inscripsit
1519 3979 1535 4019 :
1579 3949 1967 4026 certamina
2002 3950 2343 4034 litteraria
2367 3981 2397 4025 .·

921 4063 1004 4113 21
