<?xml version="1.0" encoding="UTF-8"?>
<!DOCTYPE html PUBLIC "-//W3C//DTD XHTML 1.0 Transitional//EN"
    "http://www.w3.org/TR/xhtml1/DTD/xhtml1-transitional.dtd">
<html xmlns="http://www.w3.org/1999/xhtml" xml:lang="en" lang="en">
 <head>
  <title>
</title>
<meta http-equiv="Content-Type" content="text/html;charset=utf-8" />
  <meta name='ocr-system' content='tesseract 3.04.00' />
  <meta name='ocr-capabilities' content='ocr_page ocr_carea ocr_par ocr_line ocrx_word'/>
</head>
<body>
  <div class='ocr_page' id='page_1' title='image "./vitaevirorumill01melagoog_0399.png"; bbox 0 0 3125 4975; ppageno 0'>
   <div class='ocr_carea' id='block_1_1' title="bbox 829 366 1924 441">
    <p class='ocr_par' dir='ltr' id='par_1_1' title="bbox 829 366 1924 441">
     <span class='ocr_line' id='line_1_1' title="bbox 829 366 1924 441; baseline -0.004 0"><span class='ocrx_word' id='word_1_1' title='bbox 829 366 965 441; x_wconf 72' lang='lat'><strong>352</strong></span> <span class='ocrx_word' id='word_1_2' title='bbox 1757 368 1924 423; x_wconf 67' lang='lat' dir='ltr'><strong>vra-A</strong></span> 
     </span>
    </p>
   </div>
   <div class='ocr_carea' id='block_1_2' title="bbox 809 494 2878 2785">
    <p class='ocr_par' dir='ltr' id='par_1_2' title="bbox 809 494 2878 2785">
     <span class='ocr_line' id='line_1_2' title="bbox 825 494 2878 595; baseline -0.008 -14"><span class='ocrx_word' id='word_1_3' title='bbox 825 506 1167 594; x_wconf 84' lang='lat' dir='ltr'><strong>discessit3</strong></span> <span class='ocrx_word' id='word_1_4' title='bbox 1191 505 1260 573; x_wconf 89' lang='lat' dir='ltr'><strong>in</strong></span> <span class='ocrx_word' id='word_1_5' title='bbox 1299 496 1783 595; x_wconf 63' lang='lat' dir='ltr'><strong>amoenioribus</strong></span> <span class='ocrx_word' id='word_1_6' title='bbox 1816 515 2039 566; x_wconf 87' lang='lat' dir='ltr'><strong>tamen</strong></span> <span class='ocrx_word' id='word_1_7' title='bbox 2080 494 2315 565; x_wconf 88' lang='lat' dir='ltr'><strong>studiis</strong></span> <span class='ocrx_word' id='word_1_8' title='bbox 2354 496 2609 567; x_wconf 82' lang='lat' dir='ltr'><strong>solebat</strong></span> <span class='ocrx_word' id='word_1_9' title='bbox 2646 522 2717 567; x_wconf 91' lang='lat' dir='ltr'><strong>se</strong></span> <span class='ocrx_word' id='word_1_10' title='bbox 2752 522 2878 573; x_wconf 76' lang='lat' dir='ltr'><strong>ex..</strong></span> 
     </span>
     <span class='ocr_line' id='line_1_3' title="bbox 821 598 2869 711; baseline -0.006 -16"><span class='ocrx_word' id='word_1_11' title='bbox 821 646 1072 705; x_wconf 63' lang='lat' dir='ltr'><strong>crcerer</strong></span> <span class='ocrx_word' id='word_1_12' title='bbox 1114 616 1461 711; x_wconf 80' lang='lat' dir='ltr'><strong>praecipue</strong></span> <span class='ocrx_word' id='word_1_13' title='bbox 1496 614 1569 684; x_wconf 86' lang='lat' dir='ltr'><strong>in</strong></span> <span class='ocrx_word' id='word_1_14' title='bbox 1608 598 1763 681; x_wconf 61' lang='lat' dir='ltr'><strong>&#39;arte</strong></span> <span class='ocrx_word' id='word_1_15' title='bbox 1820 608 2115 700; x_wconf 87' lang='lat' dir='ltr'><strong>poetica,</strong></span> <span class='ocrx_word' id='word_1_16' title='bbox 2164 609 2249 678; x_wconf 89' lang='lat' dir='ltr'><strong>ad</strong></span> <span class='ocrx_word' id='word_1_17' title='bbox 2290 634 2488 701; x_wconf 87' lang='lat' dir='ltr'><strong>quam</strong></span> <span class='ocrx_word' id='word_1_18' title='bbox 2527 610 2869 683; x_wconf 84' lang='lat' dir='ltr'><strong>ferebatur</strong></span> 
     </span>
     <span class='ocr_line' id='line_1_4' title="bbox 829 718 2862 829; baseline -0.004 -25"><span class='ocrx_word' id='word_1_19' title='bbox 829 732 1141 829; x_wconf 81' lang='lat' dir='ltr'>peculiari</span> <span class='ocrx_word' id='word_1_20' title='bbox 1181 718 1462 821; x_wconf 84' lang='lat' dir='ltr'><strong>quadam</strong></span> <span class='ocrx_word' id='word_1_21' title='bbox 1519 723 1901 793; x_wconf 75' lang='lat' dir='ltr'><strong>incitatione</strong></span> <span class='ocrx_word' id='word_1_22' title='bbox 1940 738 2211 791; x_wconf 85' lang='lat' dir='ltr'><strong>natur-ae</strong></span> <span class='ocrx_word' id='word_1_23' title='bbox 2238 776 2254 790; x_wconf 89' lang='lat'><strong>.</strong></span> <span class='ocrx_word' id='word_1_24' title='bbox 2296 726 2485 793; x_wconf 86' lang='lat' dir='ltr'><strong>Tunc</strong></span> <span class='ocrx_word' id='word_1_25' title='bbox 2529 725 2807 795; x_wconf 86' lang='lat' dir='ltr'><strong>latinum</strong></span> <span class='ocrx_word' id='word_1_26' title='bbox 2836 786 2862 818; x_wconf 86' lang='lat'>‚</span> 
     </span>
     <span class='ocr_line' id='line_1_5' title="bbox 823 841 2867 947; baseline -0.004 -25"><span class='ocrx_word' id='word_1_27' title='bbox 823 852 1000 947; x_wconf 87' lang='lat' dir='ltr'><strong>quod</strong></span> <span class='ocrx_word' id='word_1_28' title='bbox 1059 852 1204 941; x_wconf 86' lang='lat' dir='ltr'><strong>ipse</strong></span> <span class='ocrx_word' id='word_1_29' title='bbox 1255 847 1605 937; x_wconf 79' lang='lat' dir='ltr'>scripserat</span> <span class='ocrx_word' id='word_1_30' title='bbox 1640 896 1661 927; x_wconf 86' lang='lat'><em>,</em></span> <span class='ocrx_word' id='word_1_31' title='bbox 1700 842 2111 933; x_wconf 83' lang='lat' dir='ltr'>epigramma</span> <span class='ocrx_word' id='word_1_32' title='bbox 2162 841 2513 932; x_wconf 81' lang='lat' dir='ltr'><strong>legendum</strong></span> <span class='ocrx_word' id='word_1_33' title='bbox 2554 843 2867 933; x_wconf 87' lang='lat' dir='ltr'><strong>praebuit</strong></span> 
     </span>
     <span class='ocr_line' id='line_1_6' title="bbox 822 959 2860 1053; baseline -0.005 -12"><span class='ocrx_word' id='word_1_34' title='bbox 822 968 1176 1041; x_wconf 88' lang='lat' dir='ltr'><strong>Dominico</strong></span> <span class='ocrx_word' id='word_1_35' title='bbox 1212 964 1563 1034; x_wconf 89' lang='lat' dir='ltr'><strong>Lazzarino</strong></span> <span class='ocrx_word' id='word_1_36' title='bbox 1602 962 1673 1030; x_wconf 91' lang='lat' dir='ltr'><strong>in</strong></span> <span class='ocrx_word' id='word_1_37' title='bbox 1716 960 1977 1053; x_wconf 82' lang='lat' dir='ltr'><strong>publico</strong></span> <span class='ocrx_word' id='word_1_38' title='bbox 2016 960 2365 1050; x_wconf 83' lang='lat' dir='ltr'><strong>patavinae</strong></span> <span class='ocrx_word' id='word_1_39' title='bbox 2402 959 2582 1029; x_wconf 88' lang='lat' dir='ltr'><strong>urbis</strong></span> <span class='ocrx_word' id='word_1_40' title='bbox 2622 961 2860 1030; x_wconf 77' lang='lat' dir='ltr'><strong>Archi-</strong></span> 
     </span>
     <span class='ocr_line' id='line_1_7' title="bbox 826 1072 2856 1179; baseline -0.005 -25"><span class='ocrx_word' id='word_1_41' title='bbox 826 1081 1170 1179; x_wconf 79' lang='lat' dir='ltr'><strong>gymnasio</strong></span> <span class='ocrx_word' id='word_1_42' title='bbox 1222 1078 1682 1148; x_wconf 87' lang='lat' dir='ltr'><strong>humaniorum</strong></span> <span class='ocrx_word' id='word_1_43' title='bbox 1722 1074 2089 1149; x_wconf 84' lang='lat' dir='ltr'><strong>litterarum</strong></span> <span class='ocrx_word' id='word_1_44' title='bbox 2130 1072 2559 1143; x_wconf 85' lang='lat' dir='ltr'><strong>celeberrimo</strong></span> <span class='ocrx_word' id='word_1_45' title='bbox 2599 1073 2856 1165; x_wconf 83' lang='lat' dir='ltr'><strong>profes-</strong></span> 
     </span>
     <span class='ocr_line' id='line_1_8' title="bbox 823 1192 2854 1291; baseline -0.004 -19"><span class='ocrx_word' id='word_1_46' title='bbox 823 1202 952 1273; x_wconf 81' lang='lat' dir='ltr'><strong>sori</strong></span> <span class='ocrx_word' id='word_1_47' title='bbox 977 1255 993 1271; x_wconf 87' lang='lat'><strong>.</strong></span> <span class='ocrx_word' id='word_1_48' title='bbox 1029 1199 1222 1291; x_wconf 86' lang='lat' dir='ltr'><strong>Quod</strong></span> <span class='ocrx_word' id='word_1_49' title='bbox 1262 1197 1528 1288; x_wconf 88' lang='lat' dir='ltr'><strong>quidem</strong></span> <span class='ocrx_word' id='word_1_50' title='bbox 1559 1194 1866 1265; x_wconf 73' lang='lat' dir='ltr'><strong>Bai-tholo</strong></span> <span class='ocrx_word' id='word_1_51' title='bbox 1906 1195 1973 1262; x_wconf 92' lang='lat' dir='ltr'><strong>in</strong></span> <span class='ocrx_word' id='word_1_52' title='bbox 2014 1192 2248 1284; x_wconf 84' lang='lat' dir='ltr'><strong>primis</strong></span> <span class='ocrx_word' id='word_1_53' title='bbox 2272 1194 2436 1263; x_wconf 83' lang='lat' dir='ltr'><strong>utile</strong></span> <span class='ocrx_word' id='word_1_54' title='bbox 2464 1244 2480 1263; x_wconf 88' lang='lat'><strong>.</strong></span> <span class='ocrx_word' id='word_1_55' title='bbox 2513 1193 2698 1263; x_wconf 88' lang='lat' dir='ltr'><strong>Adeo</strong></span> <span class='ocrx_word' id='word_1_56' title='bbox 2728 1196 2854 1264; x_wconf 82' lang='lat' dir='ltr'><strong>sci-</strong></span> 
     </span>
     <span class='ocr_line' id='line_1_9' title="bbox 817 1306 2851 1396; baseline -0.004 -10"><span class='ocrx_word' id='word_1_57' title='bbox 817 1318 982 1388; x_wconf 89' lang='lat' dir='ltr'><strong>licet</strong></span> <span class='ocrx_word' id='word_1_58' title='bbox 1017 1315 1118 1383; x_wconf 87' lang='lat' dir='ltr'><strong>vir</strong></span> <span class='ocrx_word' id='word_1_59' title='bbox 1169 1311 1451 1383; x_wconf 84' lang='lat' dir='ltr'><strong>eximius</strong></span> <span class='ocrx_word' id='word_1_60' title='bbox 1501 1308 1799 1378; x_wconf 83' lang='lat' dir='ltr'><strong>exhibito</strong></span> <span class='ocrx_word' id='word_1_61' title='bbox 1841 1306 1969 1376; x_wconf 88' lang='lat' dir='ltr'><strong>sibi</strong></span> <span class='ocrx_word' id='word_1_62' title='bbox 2026 1307 2142 1377; x_wconf 88' lang='lat' dir='ltr'><strong>illo</strong></span> <span class='ocrx_word' id='word_1_63' title='bbox 2206 1306 2681 1396; x_wconf 74' lang='lat' dir='ltr'><strong>epigrammate</strong></span> <span class='ocrx_word' id='word_1_64' title='bbox 2736 1333 2851 1377; x_wconf 87' lang='lat' dir='ltr'><strong>ca-</strong></span> 
     </span>
     <span class='ocr_line' id='line_1_10' title="bbox 824 1417 2847 1525; baseline -0.007 -24"><span class='ocrx_word' id='word_1_65' title='bbox 824 1417 974 1525; x_wconf 71' lang='lat' dir='ltr'><strong>ptus</strong></span> <span class='ocrx_word' id='word_1_66' title='bbox 1012 1448 1113 1499; x_wconf 87' lang='lat' dir='ltr'><strong>est</strong></span> <span class='ocrx_word' id='word_1_67' title='bbox 1136 1483 1155 1513; x_wconf 93' lang='lat'>‚</span> <span class='ocrx_word' id='word_1_68' title='bbox 1193 1444 1266 1497; x_wconf 89' lang='lat' dir='ltr'><strong>ut</strong></span> <span class='ocrx_word' id='word_1_69' title='bbox 1303 1425 1438 1516; x_wconf 84' lang='lat' dir='ltr'><strong>ipsi·</strong></span> <span class='ocrx_word' id='word_1_70' title='bbox 1471 1446 1658 1492; x_wconf 84' lang='lat' dir='ltr'><strong>suam</strong></span> <span class='ocrx_word' id='word_1_71' title='bbox 1706 1422 1777 1489; x_wconf 87' lang='lat' dir='ltr'><strong>in</strong></span> <span class='ocrx_word' id='word_1_72' title='bbox 1816 1420 1921 1490; x_wconf 85' lang='lat' dir='ltr'><strong>his</strong></span> <span class='ocrx_word' id='word_1_73' title='bbox 1958 1442 2228 1511; x_wconf 80' lang='lat' dir='ltr'><strong>operam</strong></span> <span class='ocrx_word' id='word_1_74' title='bbox 2268 1420 2437 1487; x_wconf 83' lang='lat' dir='ltr'><strong>ultro</strong></span> <span class='ocrx_word' id='word_1_75' title='bbox 2492 1419 2847 1503; x_wconf 84' lang='lat' dir='ltr'><strong>obtulerit,</strong></span> 
     </span>
     <span class='ocr_line' id='line_1_11' title="bbox 821 1531 2843 1634; baseline -0.007 -21"><span class='ocrx_word' id='word_1_76' title='bbox 821 1560 890 1613; x_wconf 87' lang='lat' dir='ltr'><strong>et</strong></span> <span class='ocrx_word' id='word_1_77' title='bbox 940 1540 1263 1634; x_wconf 82' lang='lat' dir='ltr'><strong>quaedam</strong></span> <span class='ocrx_word' id='word_1_78' title='bbox 1317 1550 1655 1627; x_wconf 85' lang='lat' dir='ltr'><strong>praeterea</strong></span> <span class='ocrx_word' id='word_1_79' title='bbox 1718 1533 1800 1613; x_wconf 86' lang='lat' dir='ltr'><strong>de</strong></span> <span class='ocrx_word' id='word_1_80' title='bbox 1854 1532 2079 1625; x_wconf 76' lang='lat' dir='ltr'><strong>lingua</strong></span> <span class='ocrx_word' id='word_1_81' title='bbox 2132 1554 2361 1623; x_wconf 81' lang='lat' dir='ltr'><strong>graeca</strong></span> <span class='ocrx_word' id='word_1_82' title='bbox 2396 1583 2418 1618; x_wconf 92' lang='lat'><em>‚</em></span> <span class='ocrx_word' id='word_1_83' title='bbox 2486 1531 2670 1624; x_wconf 72' lang='lat' dir='ltr'><strong>ouius</strong></span> <span class='ocrx_word' id='word_1_84' title='bbox 2726 1533 2843 1600; x_wconf 75' lang='lat' dir='ltr'><strong>ilie</strong></span> 
     </span>
     <span class='ocr_line' id='line_1_12' title="bbox 823 1644 2849 1740; baseline -0.005 -15"><span class='ocrx_word' id='word_1_85' title='bbox 823 1654 1302 1737; x_wconf 78' lang='lat' dir='ltr'><strong>scientissimus</strong></span> <span class='ocrx_word' id='word_1_86' title='bbox 1324 1702 1344 1734; x_wconf 88' lang='lat'><strong><em>,</em></strong></span> <span class='ocrx_word' id='word_1_87' title='bbox 1405 1648 1490 1718; x_wconf 86' lang='lat' dir='ltr'><strong>ad</strong></span> <span class='ocrx_word' id='word_1_88' title='bbox 1547 1645 1687 1740; x_wconf 74' lang='lat' dir='ltr'><strong>ejus</strong></span> <span class='ocrx_word' id='word_1_89' title='bbox 1743 1646 2181 1717; x_wconf 88' lang='lat' dir='ltr'><strong>eruditionem</strong></span> <span class='ocrx_word' id='word_1_90' title='bbox 2228 1646 2595 1737; x_wconf 83' lang='lat' dir='ltr'><strong>conscripta</strong></span> <span class='ocrx_word' id='word_1_91' title='bbox 2630 1644 2849 1715; x_wconf 82' lang='lat' dir='ltr'><strong>eidem</strong></span> 
     </span>
     <span class='ocr_line' id='line_1_13' title="bbox 821 1764 2851 1859; baseline -0.004 -18"><span class='ocrx_word' id='word_1_92' title='bbox 821 1771 1198 1853; x_wconf 79' lang='lat' dir='ltr'><strong>tradiderit,</strong></span> <span class='ocrx_word' id='word_1_93' title='bbox 1241 1791 1406 1859; x_wconf 82' lang='lat' dir='ltr'><strong>quae</strong></span> <span class='ocrx_word' id='word_1_94' title='bbox 1465 1764 1811 1837; x_wconf 69' lang='lat' dir='ltr'><strong>Bai-tholus</strong></span> <span class='ocrx_word' id='word_1_95' title='bbox 1858 1765 2165 1855; x_wconf 72' lang='lat' dir='ltr'><strong>religiose</strong></span> <span class='ocrx_word' id='word_1_96' title='bbox 2202 1764 2527 1848; x_wconf 80' lang='lat' dir='ltr'><strong>servavit,</strong></span> <span class='ocrx_word' id='word_1_97' title='bbox 2564 1780 2637 1831; x_wconf 86' lang='lat' dir='ltr'><strong>ut</strong></span> <span class='ocrx_word' id='word_1_98' title='bbox 2694 1786 2851 1853; x_wconf 77' lang='lat' dir='ltr'><strong>pre-</strong></span> 
     </span>
     <span class='ocr_line' id='line_1_14' title="bbox 821 1878 2661 1973; baseline -0.003 -18"><span class='ocrx_word' id='word_1_99' title='bbox 821 1891 1061 1955; x_wconf 83' lang='lat' dir='ltr'><strong>tiosnm</strong></span> <span class='ocrx_word' id='word_1_100' title='bbox 1099 1899 1598 1954; x_wconf 85' lang='lat' dir='ltr'><strong>monumentum</strong></span> <span class='ocrx_word' id='word_1_101' title='bbox 1619 1934 1641 1968; x_wconf 90' lang='lat'>,</span> <span class='ocrx_word' id='word_1_102' title='bbox 1670 1882 1933 1973; x_wconf 76' lang='lat' dir='ltr'><strong>sibique</strong></span> <span class='ocrx_word' id='word_1_103' title='bbox 1969 1882 2159 1951; x_wconf 82' lang='lat' dir='ltr'><strong>valde</strong></span> <span class='ocrx_word' id='word_1_104' title='bbox 2194 1878 2623 1951; x_wconf 78' lang='lat' dir='ltr'><strong>honorificum</strong></span> <span class='ocrx_word' id='word_1_105' title='bbox 2644 1934 2661 1949; x_wconf 90' lang='lat'><strong>.</strong></span> 
     </span>
     <span class='ocr_line' id='line_1_15' title="bbox 915 1997 2847 2091; baseline -0.001 -21"><span class='ocrx_word' id='word_1_106' title='bbox 915 2004 1186 2071; x_wconf 82' lang='lat' dir='ltr'><strong>Interim</strong></span> <span class='ocrx_word' id='word_1_107' title='bbox 1214 1999 1462 2091; x_wconf 78' lang='lat' dir='ltr'><strong>Joseph</strong></span> <span class='ocrx_word' id='word_1_108' title='bbox 1479 2052 1500 2085; x_wconf 87' lang='lat'>‚</span> <span class='ocrx_word' id='word_1_109' title='bbox 1529 2000 1795 2069; x_wconf 83' lang='lat' dir='ltr'><strong>amissis</strong></span> <span class='ocrx_word' id='word_1_110' title='bbox 1828 1997 2135 2067; x_wconf 84' lang='lat' dir='ltr'><strong>fratribus</strong></span> <span class='ocrx_word' id='word_1_111' title='bbox 2154 2051 2175 2086; x_wconf 90' lang='lat'><strong><em>,</em></strong></span> <span class='ocrx_word' id='word_1_112' title='bbox 2196 2022 2419 2069; x_wconf 89' lang='lat' dir='ltr'><strong>curare</strong></span> <span class='ocrx_word' id='word_1_113' title='bbox 2446 1997 2675 2069; x_wconf 81' lang='lat' dir='ltr'><strong>debuit</strong></span> <span class='ocrx_word' id='word_1_114' title='bbox 2704 2021 2847 2069; x_wconf 83' lang='lat' dir='ltr'><strong>rem</strong></span> 
     </span>
     <span class='ocr_line' id='line_1_16' title="bbox 817 2115 2845 2207; baseline -0.001 -19"><span class='ocrx_word' id='word_1_115' title='bbox 817 2118 1250 2188; x_wconf 86' lang='lat' dir='ltr'><strong>domesticam</strong></span> <span class='ocrx_word' id='word_1_116' title='bbox 1273 2170 1288 2185; x_wconf 91' lang='lat'><strong>.</strong></span> <span class='ocrx_word' id='word_1_117' title='bbox 1329 2116 1504 2187; x_wconf 88' lang='lat' dir='ltr'><strong>Hinc</strong></span> <span class='ocrx_word' id='word_1_118' title='bbox 1570 2117 1790 2207; x_wconf 80' lang='lat' dir='ltr'><strong>coepit</strong></span> <span class='ocrx_word' id='word_1_119' title='bbox 1826 2142 1911 2186; x_wconf 82' lang='lat' dir='ltr'><strong>ex</strong></span> <span class='ocrx_word' id='word_1_120' title='bbox 1946 2115 2319 2198; x_wconf 81' lang='lat' dir='ltr'><strong>conditione</strong></span> <span class='ocrx_word' id='word_1_121' title='bbox 2358 2116 2643 2207; x_wconf 83' lang='lat' dir='ltr'><strong>suscepti</strong></span> <span class='ocrx_word' id='word_1_122' title='bbox 2694 2140 2845 2185; x_wconf 87' lang='lat' dir='ltr'><strong>mu-</strong></span> 
     </span>
     <span class='ocr_line' id='line_1_17' title="bbox 817 2231 2843 2322; baseline -0.002 -18"><span class='ocrx_word' id='word_1_123' title='bbox 817 2237 994 2305; x_wconf 85' lang='lat' dir='ltr'><strong>neris</strong></span> <span class='ocrx_word' id='word_1_124' title='bbox 1057 2233 1300 2305; x_wconf 86' lang='lat' dir='ltr'><strong>ferrum</strong></span> <span class='ocrx_word' id='word_1_125' title='bbox 1355 2232 1639 2303; x_wconf 85' lang='lat' dir='ltr'><strong>vendere</strong></span> <span class='ocrx_word' id='word_1_126' title='bbox 1681 2284 1699 2305; x_wconf 88' lang='lat'><strong>.</strong></span> <span class='ocrx_word' id='word_1_127' title='bbox 1750 2236 1842 2303; x_wconf 82' lang='lat' dir='ltr'><strong>At</strong></span> <span class='ocrx_word' id='word_1_128' title='bbox 1894 2256 2023 2301; x_wconf 89' lang='lat' dir='ltr'><strong>non</strong></span> <span class='ocrx_word' id='word_1_129' title='bbox 2080 2248 2424 2322; x_wconf 84' lang='lat' dir='ltr'><strong>propterea</strong></span> <span class='ocrx_word' id='word_1_130' title='bbox 2490 2231 2843 2301; x_wconf 74' lang='lat' dir='ltr'><strong>intermisit</strong></span> 
     </span>
     <span class='ocr_line' id='line_1_18' title="bbox 816 2328 2847 2445; baseline -0 -30"><span class='ocrx_word' id='word_1_131' title='bbox 816 2328 1190 2441; x_wconf 82' lang='lat' dir='ltr'><strong>gratissima</strong></span> <span class='ocrx_word' id='word_1_132' title='bbox 1235 2346 1366 2445; x_wconf 85' lang='lat' dir='ltr'><strong>sibi</strong></span> <span class='ocrx_word' id='word_1_133' title='bbox 1406 2346 1655 2415; x_wconf 84' lang='lat' dir='ltr'><strong>studia.</strong></span> <span class='ocrx_word' id='word_1_134' title='bbox 1688 2348 1766 2415; x_wconf 89' lang='lat' dir='ltr'><strong>In</strong></span> <span class='ocrx_word' id='word_1_135' title='bbox 1806 2344 1970 2415; x_wconf 86' lang='lat' dir='ltr'><strong>haec</strong></span> <span class='ocrx_word' id='word_1_136' title='bbox 2006 2345 2124 2415; x_wconf 77' lang='lat' dir='ltr'><strong>ilie</strong></span> <span class='ocrx_word' id='word_1_137' title='bbox 2188 2344 2622 2435; x_wconf 82' lang='lat' dir='ltr'><strong>impendebat</strong></span> <span class='ocrx_word' id='word_1_138' title='bbox 2664 2345 2847 2437; x_wconf 89' lang='lat' dir='ltr'><strong>quid-</strong></span> 
     </span>
     <span class='ocr_line' id='line_1_19' title="bbox 815 2462 2840 2558; baseline -0.001 -24"><span class='ocrx_word' id='word_1_139' title='bbox 815 2466 980 2558; x_wconf 87' lang='lat' dir='ltr'><strong>quid</strong></span> <span class='ocrx_word' id='word_1_140' title='bbox 1015 2466 1145 2535; x_wconf 82' lang='lat' dir='ltr'><strong>sibi</strong></span> <span class='ocrx_word' id='word_1_141' title='bbox 1185 2464 1500 2558; x_wconf 88' lang='lat' dir='ltr'><strong>temporis</strong></span> <span class='ocrx_word' id='word_1_142' title='bbox 1539 2488 1624 2536; x_wconf 86' lang='lat' dir='ltr'><strong>ex</strong></span> <span class='ocrx_word' id='word_1_143' title='bbox 1662 2465 1939 2535; x_wconf 81' lang='lat' dir='ltr'><strong>molesta</strong></span> <span class='ocrx_word' id='word_1_144' title='bbox 1998 2462 2430 2554; x_wconf 75' lang='lat' dir='ltr'><strong>occupatione</strong></span> <span class='ocrx_word' id='word_1_145' title='bbox 2470 2480 2840 2554; x_wconf 80' lang='lat' dir='ltr'><strong>supererat.</strong></span> 
     </span>
     <span class='ocr_line' id='line_1_20' title="bbox 813 2575 2840 2670; baseline -0.003 -19"><span class='ocrx_word' id='word_1_146' title='bbox 813 2580 968 2651; x_wconf 90' lang='lat' dir='ltr'><strong>Non</strong></span> <span class='ocrx_word' id='word_1_147' title='bbox 1005 2580 1253 2666; x_wconf 87' lang='lat' dir='ltr'><strong>otium,</strong></span> <span class='ocrx_word' id='word_1_148' title='bbox 1287 2575 1415 2648; x_wconf 83' lang='lat' dir='ltr'><strong>non</strong></span> <span class='ocrx_word' id='word_1_149' title='bbox 1456 2579 1793 2670; x_wconf 84' lang='lat' dir='ltr'><strong>nego-tium</strong></span> <span class='ocrx_word' id='word_1_150' title='bbox 1827 2577 1916 2648; x_wconf 84' lang='lat' dir='ltr'><strong>ab</strong></span> <span class='ocrx_word' id='word_1_151' title='bbox 1962 2577 2097 2646; x_wconf 77' lang='lat' dir='ltr'><strong>illis</strong></span> <span class='ocrx_word' id='word_1_152' title='bbox 2136 2601 2287 2648; x_wconf 87' lang='lat' dir='ltr'><strong>eum</strong></span> <span class='ocrx_word' id='word_1_153' title='bbox 2326 2577 2673 2648; x_wconf 77' lang='lat' dir='ltr'><strong>avocabat.</strong></span> <span class='ocrx_word' id='word_1_154' title='bbox 2712 2577 2840 2646; x_wconf 76' lang='lat' dir='ltr'><strong>Li-</strong></span> 
     </span>
     <span class='ocr_line' id='line_1_21' title="bbox 809 2687 2845 2785; baseline -0 -22"><span class='ocrx_word' id='word_1_155' title='bbox 809 2693 964 2765; x_wconf 86' lang='lat' dir='ltr'><strong>bros</strong></span> <span class='ocrx_word' id='word_1_156' title='bbox 1001 2718 1155 2785; x_wconf 90' lang='lat' dir='ltr'><strong>prae</strong></span> <span class='ocrx_word' id='word_1_157' title='bbox 1193 2691 1500 2762; x_wconf 81' lang='lat' dir='ltr'><strong>manibus</strong></span> <span class='ocrx_word' id='word_1_158' title='bbox 1561 2707 1877 2782; x_wconf 83' lang='lat' dir='ltr'><strong>perpetuo</strong></span> <span class='ocrx_word' id='word_1_159' title='bbox 1928 2691 2215 2762; x_wconf 87' lang='lat' dir='ltr'><strong>habebat</strong></span> <span class='ocrx_word' id='word_1_160' title='bbox 2242 2745 2264 2778; x_wconf 87' lang='lat'>‚</span> <span class='ocrx_word' id='word_1_161' title='bbox 2314 2694 2421 2762; x_wconf 89' lang='lat' dir='ltr'><strong>vel</strong></span> <span class='ocrx_word' id='word_1_162' title='bbox 2458 2693 2525 2762; x_wconf 86' lang='lat' dir='ltr'><strong>in</strong></span> <span class='ocrx_word' id='word_1_163' title='bbox 2576 2687 2845 2762; x_wconf 81' lang='lat' dir='ltr'><strong>officina</strong></span> 
     </span>
    </p>
   </div>
   <div class='ocr_carea' id='block_1_3' title="bbox 809 2807 2841 3128">
    <p class='ocr_par' dir='ltr' id='par_1_3' title="bbox 809 2807 2841 3128">
     <span class='ocr_line' id='line_1_22' title="bbox 812 2807 2841 2900; baseline -0.002 -17"><span class='ocrx_word' id='word_1_164' title='bbox 812 2813 898 2882; x_wconf 87' lang='lat' dir='ltr'><strong>ad</strong></span> <span class='ocrx_word' id='word_1_165' title='bbox 952 2813 1246 2900; x_wconf 84' lang='lat' dir='ltr'><strong>pluteum</strong></span> <span class='ocrx_word' id='word_1_166' title='bbox 1301 2807 1534 2876; x_wconf 84' lang='lat' dir='ltr'><strong>sedens</strong></span> <span class='ocrx_word' id='word_1_167' title='bbox 1576 2860 1599 2893; x_wconf 90' lang='lat'>‚</span> <span class='ocrx_word' id='word_1_168' title='bbox 1646 2809 1890 2877; x_wconf 83' lang='lat' dir='ltr'><strong>iisdem</strong></span> <span class='ocrx_word' id='word_1_169' title='bbox 1952 2811 2245 2880; x_wconf 84' lang='lat' dir='ltr'><strong>maxime</strong></span> <span class='ocrx_word' id='word_1_170' title='bbox 2284 2811 2585 2896; x_wconf 87' lang='lat' dir='ltr'><strong>deditus,</strong></span> <span class='ocrx_word' id='word_1_171' title='bbox 2638 2807 2841 2878; x_wconf 83' lang='lat' dir='ltr'><strong>italae</strong></span> 
     </span>
     <span class='ocr_line' id='line_1_23' title="bbox 809 2920 2839 3022; baseline 0 -32"><span class='ocrx_word' id='word_1_172' title='bbox 809 2923 1162 3014; x_wconf 87' lang='lat' dir='ltr'><strong>praecipue</strong></span> <span class='ocrx_word' id='word_1_173' title='bbox 1215 2920 1438 3022; x_wconf 86' lang='lat' dir='ltr'><strong>poesi,</strong></span> <span class='ocrx_word' id='word_1_174' title='bbox 1479 2943 1607 3009; x_wconf 88' lang='lat' dir='ltr'><strong>qua</strong></span> <span class='ocrx_word' id='word_1_175' title='bbox 1656 2921 1849 3012; x_wconf 77' lang='lat' dir='ltr'><strong>longe</strong></span> <span class='ocrx_word' id='word_1_176' title='bbox 1888 2924 2237 2994; x_wconf 81' lang='lat' dir='ltr'><strong>excelluit.</strong></span> <span class='ocrx_word' id='word_1_177' title='bbox 2296 2925 2610 3004; x_wconf 82' lang='lat' dir='ltr'><strong>Adhanc</strong></span> <span class='ocrx_word' id='word_1_178' title='bbox 2664 2921 2839 2991; x_wconf 82' lang='lat' dir='ltr'><strong>exci-</strong></span> 
     </span>
     <span class='ocr_line' id='line_1_24' title="bbox 809 3031 2835 3128; baseline 0.001 -27"><span class='ocrx_word' id='word_1_179' title='bbox 809 3049 982 3101; x_wconf 79' lang='lat' dir='ltr'><strong>tatus</strong></span> <span class='ocrx_word' id='word_1_180' title='bbox 1011 3031 1221 3100; x_wconf 79' lang='lat' dir='ltr'><strong>fuerat</strong></span> <span class='ocrx_word' id='word_1_181' title='bbox 1259 3056 1297 3102; x_wconf 90' lang='lat' dir='ltr'><strong>a</strong></span> <span class='ocrx_word' id='word_1_182' title='bbox 1335 3031 1823 3102; x_wconf 82' lang='lat' dir='ltr'><strong>litteratissime</strong></span> <span class='ocrx_word' id='word_1_183' title='bbox 1860 3035 2279 3128; x_wconf 78' lang='lat' dir='ltr'><strong>Zeno.‚cujus</strong></span> <span class='ocrx_word' id='word_1_184' title='bbox 2318 3036 2435 3106; x_wconf 86' lang='lat' dir='ltr'><strong>ille</strong></span> <span class='ocrx_word' id='word_1_185' title='bbox 2476 3035 2835 3106; x_wconf 83' lang='lat' dir='ltr'><strong>amicitiam</strong></span> 
     </span>
    </p>
   </div>
   <div class='ocr_carea' id='block_1_4' title="bbox 807 3147 2837 3224">
    <p class='ocr_par' dir='ltr' id='par_1_4' title="bbox 807 3147 2837 3224">
     <span class='ocr_line' id='line_1_25' title="bbox 807 3147 2837 3224; baseline -0.001 -2"><span class='ocrx_word' id='word_1_186' title='bbox 807 3150 1010 3222; x_wconf 79' lang='lat' dir='ltr'><strong>coluit</strong></span> <span class='ocrx_word' id='word_1_187' title='bbox 1045 3174 1306 3222; x_wconf 74' lang='lat' dir='ltr'><strong>summo</strong></span> <span class='ocrx_word' id='word_1_188' title='bbox 1341 3151 1591 3220; x_wconf 83' lang='lat' dir='ltr'><strong>studio.</strong></span> <span class='ocrx_word' id='word_1_189' title='bbox 1634 3151 2011 3224; x_wconf 85' lang='lat' dir='ltr'><strong>Admodum</strong></span> <span class='ocrx_word' id='word_1_190' title='bbox 2051 3155 2316 3224; x_wconf 87' lang='lat' dir='ltr'><strong>florente</strong></span> <span class='ocrx_word' id='word_1_191' title='bbox 2356 3147 2573 3224; x_wconf 77' lang='lat' dir='ltr'><strong>aetate</strong></span> <span class='ocrx_word' id='word_1_192' title='bbox 2602 3153 2837 3222; x_wconf 84' lang='lat' dir='ltr'><strong>italum</strong></span> 
     </span>
    </p>
   </div>
   <div class='ocr_carea' id='block_1_5' title="bbox 804 3270 2837 3476">
    <p class='ocr_par' dir='ltr' id='par_1_5' title="bbox 804 3270 2837 3476">
     <span class='ocr_line' id='line_1_26' title="bbox 807 3270 2837 3361; baseline 0.001 -23"><span class='ocrx_word' id='word_1_193' title='bbox 807 3270 1216 3361; x_wconf 83' lang='lat' dir='ltr'><strong>epigramma</strong></span> <span class='ocrx_word' id='word_1_194' title='bbox 1252 3270 1589 3340; x_wconf 84' lang='lat' dir='ltr'><strong>contexuit</strong></span> <span class='ocrx_word' id='word_1_195' title='bbox 1625 3271 2003 3343; x_wconf 80' lang='lat' dir='ltr'><strong>inlaudem</strong></span> <span class='ocrx_word' id='word_1_196' title='bbox 2039 3271 2311 3343; x_wconf 86' lang='lat' dir='ltr'><strong>Joannis</strong></span> <span class='ocrx_word' id='word_1_197' title='bbox 2352 3271 2623 3342; x_wconf 81' lang='lat' dir='ltr'><strong>Antonii</strong></span> <span class='ocrx_word' id='word_1_198' title='bbox 2673 3271 2837 3342; x_wconf 77' lang='lat' dir='ltr'><strong>Vul-</strong></span> 
     </span>
     <span class='ocr_line' id='line_1_27' title="bbox 804 3382 2836 3476; baseline 0.001 -27"><span class='ocrx_word' id='word_1_199' title='bbox 804 3382 902 3475; x_wconf 83' lang='lat' dir='ltr'><strong>pii</strong></span> <span class='ocrx_word' id='word_1_200' title='bbox 942 3385 1167 3453; x_wconf 76' lang='lat' dir='ltr'><strong>latinis</strong></span> <span class='ocrx_word' id='word_1_201' title='bbox 1209 3383 1595 3475; x_wconf 82' lang='lat' dir='ltr'><strong>praesertim</strong></span> <span class='ocrx_word' id='word_1_202' title='bbox 1634 3384 1934 3454; x_wconf 75' lang='lat' dir='ltr'><strong>versibus</strong></span> <span class='ocrx_word' id='word_1_203' title='bbox 1966 3385 2426 3470; x_wconf 88' lang='lat' dir='ltr'><strong>celeberrimi,</strong></span> <span class='ocrx_word' id='word_1_204' title='bbox 2466 3383 2580 3476; x_wconf 81' lang='lat' dir='ltr'><strong>qui</strong></span> <span class='ocrx_word' id='word_1_205' title='bbox 2620 3383 2836 3474; x_wconf 85' lang='lat' dir='ltr'><strong>poeti-</strong></span> 
     </span>
    </p>
   </div>
   <div class='ocr_carea' id='block_1_6' title="bbox 801 3499 2890 4073">
    <p class='ocr_par' dir='ltr' id='par_1_6' title="bbox 801 3499 2890 3948">
     <span class='ocr_line' id='line_1_28' title="bbox 803 3499 2890 3595; baseline 0.001 -27"><span class='ocrx_word' id='word_1_206' title='bbox 803 3523 952 3570; x_wconf 90' lang='lat' dir='ltr'><strong>cam</strong></span> <span class='ocrx_word' id='word_1_207' title='bbox 989 3500 1244 3592; x_wconf 83' lang='lat' dir='ltr'><strong>juvenis</strong></span> <span class='ocrx_word' id='word_1_208' title='bbox 1281 3503 1576 3573; x_wconf 88' lang='lat' dir='ltr'><strong>indolem</strong></span> <span class='ocrx_word' id='word_1_209' title='bbox 1616 3503 1975 3573; x_wconf 84' lang='lat' dir='ltr'><strong>admiratus</strong></span> <span class='ocrx_word' id='word_1_210' title='bbox 2016 3504 2077 3572; x_wconf 91' lang='lat' dir='ltr'><strong>ei</strong></span> <span class='ocrx_word' id='word_1_211' title='bbox 2118 3503 2458 3595; x_wconf 78' lang='lat' dir='ltr'><strong>respondit</strong></span> <span class='ocrx_word' id='word_1_212' title='bbox 2492 3504 2623 3572; x_wconf 87' lang='lat' dir='ltr'><strong>alio</strong></span> <span class='ocrx_word' id='word_1_213' title='bbox 2666 3499 2833 3570; x_wconf 86' lang='lat' dir='ltr'><strong>italo</strong></span> <span class='ocrx_word' id='word_1_214' title='bbox 2886 3539 2890 3544; x_wconf 91' lang='lat'><strong>·</strong></span> 
     </span>
     <span class='ocr_line' id='line_1_29' title="bbox 805 3620 2836 3712; baseline 0 -24"><span class='ocrx_word' id='word_1_215' title='bbox 805 3621 1054 3712; x_wconf 81' lang='lat' dir='ltr'><strong>pariter</strong></span> <span class='ocrx_word' id='word_1_216' title='bbox 1101 3621 1579 3711; x_wconf 82' lang='lat' dir='ltr'><strong>epigrammate</strong></span> <span class='ocrx_word' id='word_1_217' title='bbox 1618 3621 1931 3694; x_wconf 74' lang='lat' dir='ltr'><strong>similiter</strong></span> <span class='ocrx_word' id='word_1_218' title='bbox 1964 3623 2303 3692; x_wconf 84' lang='lat' dir='ltr'><strong>desinente</strong></span> <span class='ocrx_word' id='word_1_219' title='bbox 2333 3675 2353 3708; x_wconf 91' lang='lat'>‚</span> <span class='ocrx_word' id='word_1_220' title='bbox 2396 3620 2836 3706; x_wconf 81' lang='lat' dir='ltr'><strong>similiterque</strong></span> 
     </span>
     <span class='ocr_line' id='line_1_30' title="bbox 801 3721 2829 3840; baseline 0 -34"><span class='ocrx_word' id='word_1_221' title='bbox 801 3739 1074 3807; x_wconf 90' lang='lat' dir='ltr'><strong>cadente</strong></span> <span class='ocrx_word' id='word_1_222' title='bbox 1101 3787 1119 3804; x_wconf 92' lang='lat'><strong>.</strong></span> <span class='ocrx_word' id='word_1_223' title='bbox 1161 3739 1530 3832; x_wconf 83' lang='lat' dir='ltr'><strong>Utrumque</strong></span> <span class='ocrx_word' id='word_1_224' title='bbox 1566 3741 1821 3814; x_wconf 88' lang='lat' dir='ltr'><strong>editum</strong></span> <span class='ocrx_word' id='word_1_225' title='bbox 1858 3739 1943 3811; x_wconf 86' lang='lat' dir='ltr'><strong>ab</strong></span> <span class='ocrx_word' id='word_1_226' title='bbox 1980 3739 2125 3840; x_wconf 85' lang='lat' dir='ltr'><strong>ipso</strong></span> <span class='ocrx_word' id='word_1_227' title='bbox 2162 3739 2415 3835; x_wconf 88' lang='lat' dir='ltr'><strong>Vulpio</strong></span> <span class='ocrx_word' id='word_1_228' title='bbox 2462 3721 2612 3812; x_wconf 82' lang='lat' dir='ltr'><strong>ann.</strong></span> <span class='ocrx_word' id='word_1_229' title='bbox 2652 3732 2829 3829; x_wconf 80' lang='lat'>1735</span> 
     </span>
     <span class='ocr_line' id='line_1_31' title="bbox 803 3855 1512 3948; baseline 0.004 -22"><span class='ocrx_word' id='word_1_230' title='bbox 803 3879 955 3926; x_wconf 87' lang='lat' dir='ltr'><strong>cum</strong></span> <span class='ocrx_word' id='word_1_231' title='bbox 991 3855 1142 3926; x_wconf 78' lang='lat' dir='ltr'><strong>aliis</strong></span> <span class='ocrx_word' id='word_1_232' title='bbox 1179 3858 1512 3948; x_wconf 84' lang='lat' dir='ltr'><strong>pluribus.</strong></span> 
     </span>
    </p>

    <p class='ocr_par' dir='ltr' id='par_1_7' title="bbox 887 3975 2827 4073">
     <span class='ocr_line' id='line_1_32' title="bbox 887 3975 2827 4073; baseline -0.003 -26"><span class='ocrx_word' id='word_1_233' title='bbox 887 3977 1064 4047; x_wconf 87' lang='lat' dir='ltr'><strong>Tum</strong></span> <span class='ocrx_word' id='word_1_234' title='bbox 1099 3999 1252 4048; x_wconf 85' lang='lat' dir='ltr'><strong>vero</strong></span> <span class='ocrx_word' id='word_1_235' title='bbox 1310 3977 1450 4073; x_wconf 82' lang='lat' dir='ltr'><strong>ejus</strong></span> <span class='ocrx_word' id='word_1_236' title='bbox 1503 4002 1779 4072; x_wconf 82' lang='lat' dir='ltr'><strong>parens,</strong></span> <span class='ocrx_word' id='word_1_237' title='bbox 1820 3997 2001 4052; x_wconf 89' lang='lat' dir='ltr'><strong>tanta</strong></span> <span class='ocrx_word' id='word_1_238' title='bbox 2038 3978 2245 4073; x_wconf 83' lang='lat' dir='ltr'><strong>ipsius</strong></span> <span class='ocrx_word' id='word_1_239' title='bbox 2281 3977 2353 4049; x_wconf 89' lang='lat' dir='ltr'><strong>in</strong></span> <span class='ocrx_word' id='word_1_240' title='bbox 2388 3975 2645 4046; x_wconf 74' lang='lat' dir='ltr'><strong>litteras</strong></span> <span class='ocrx_word' id='word_1_241' title='bbox 2676 3980 2827 4062; x_wconf 65' lang='lat' dir='ltr'><strong>pro-j</strong></span> 
     </span>
    </p>
   </div>
  </div>
 </body>
</html>
