3125 4975
762 238 859 321 ’Β

761 382 1161 457 Aeculanum
1198 380 1445 449 Romae
1490 386 1718 445 natum
1742 426 1760 442 .
1787 372 1978 443 Hunc
2017 361 2311 439 omnium
2351 354 2642 461 primum
2679 368 2789 447 fn..

758 498 953 568 venio
1006 498 1075 565 in
1120 491 1487 565 Seminario
1540 508 1768 558 recens
1819 498 2146 555 exstructo
2203 482 2569 575 professum
2623 512 2776 560 esse

762 610 1219 682 scholasticam
1283 601 1678 694 theologiam
1731 601 1838 691 (ι)
1891 626 1912 667 a
1965 596 2222 669 Habuit
2271 596 2454 669 idem
2507 600 2580 670 in
2645 603 2778 671 hoc

763 750 1033 797 munere
1070 740 1507 793 successorem
1543 714 1942 808 Dionysium
1978 712 2398 785 Ochmanum
2429 714 2640 787 virum
2677 742 2782 787 ce·

767 842 1019 915 lebrem
1058 864 1142 910 ex
1178 836 1499 909 Hibernia
1516 886 1535 904 .

850 960 957 1027 De
976 954 1277 1025 omnibus
1312 949 1722 1041 disciplinis,
1743 968 2098 1042 earumque
2123 934 2479 1023 cultoribus
2513 948 2772 1043 optime

762 1072 1033 1141 meritus
1058 1068 1159 1137 vir
1190 1067 1419 1137 beatus
1440 1093 1461 1151 3
1486 1062 1570 1133 ab
1601 1062 1832 1133 eodem
1868 1088 1954 1134 ex
1981 1064 2254 1135 Oriente
2279 1064 2596 1135 deductae
2619 1084 2776 1136 sunt

762 1184 1157 1279 antiquiores
1184 1182 1443 1272 linguae
1460 1231 1478 1263 ‚
1498 1196 1568 1247 et
1593 1178 1662 1247 in
1691 1178 2134 1251 Seminarium
2151 1198 2466 1272 exceptae
2485 1228 2504 1251 .
2525 1184 2769 1253 Vocati

764 1300 1008 1393 pariter
1043 1296 1127 1368 ab
1164 1294 1325 1369 urbe
1362 1296 1616 1377 Roma,
1655 1292 1766 1383 qui
1803 1292 2184 1365 hebraicam
2221 1295 2552 1366 traderent
2591 1313 2662 1365 et
2705 1321 2774 1365 a·

762 1416 1053 1487 tabicam
1071 1468 1091 1499 ‚
1125 1415 1201 1483 P.
1240 1410 1548 1502 Aloysius
1583 1408 1806 1481 Maria
1859 1412 2232 1483 Benetellus
2246 1466 2267 1499 ,
2289 1428 2360 1483 et
2401 1412 2476 1484 P.
2515 1414 2767 1507 Agapi-

762 1550 867 1609 tus
901 1534 984 1605 de
1021 1532 1220 1603 Valle
1256 1531 1744 1615 Flemmarum3
1783 1534 1868 1598 ἐκ
1901 1527 2424 1601 Reformatorem
2461 1528 2571 1601 hic
2590 1584 2610 1615 ‚
2646 1532 2767 1601 ille

758 1666 844 1715 ex
879 1643 1107 1713 ordine
1150 1642 1615 1713 Minimorum:
1663 1640 1908 1709 clarum
1945 1640 2020 1708 in
2053 1640 2373 1711 litteraria
2427 1642 2766 1731 republica

760 1776 1031 1851 uterquc
1060 1780 1300 1828 nomen
1338 1759 1446 1850 (a)
1468 1809 1487 1826 .
1524 1758 1794 1827 Ceteras
1828 1780 1980 1827 vero
2011 1756 2360 1827 orientales
2395 1758 2652 1848 linguas
2689 1758 2765 1831 in

760 1874 1127 1952 Seminario
1171 1874 1590 1966 profitebatur
1637 1876 2026 1946 Timotheus
2080 1874 2464 1966 Agnellinus
2497 1874 2766 1945 Mardi-

758 1989 831 2061 ni
869 1988 1391 2081 archiepiscopus
1411 2036 1433 2074 ,
1466 1986 1760 2079 pluribus
1799 1988 2238 2059 monumentis
2275 1987 2552 2057 illustris
2609 1990 2720 2079 (3)
2743 2043 2764 2059 .

759 2106 1025 2179 Eximia
1060 2106 1265 2179 etiam
1304 2104 1431 2177 fuit
1482 2107 1604 2177 illa
1639 2108 1994 2179 Gueomr
2027 2106 2206 2193 laus,
2247 2121 2388 2176 tum
2433 2106 2613 2197 quod
2667 2106 2768 2179 fa-

758 2220 1034 2293 cultates
1054 2276 1077 2310 ,
1104 2244 1272 2315 quae
1308 2244 1437 2291 non
1492 2220 1850 2291 admodum
1895 2222 2076 2311 prius
2113 2219 2466 2312 vigebant,
2516 2221 2768 2293 utiliter
2809 2252 2821 2261 ·

754 2340 1139 2433 propagavit
1207 2356 1277 2410 et
1328 2340 1551 2411 auxit:
1611 2356 1752 2411 tum
1833 2340 2010 2431 quod
2064 2338 2328 2411 vitiatas
2387 2340 2764 2411 emendavit

758 2470 953 2546 atque
998 2451 1311 2524 restituit.
1349 2451 1846 2544 Philosophiam
1885 2476 2054 2522 novo
2089 2450 2434 2544 splendore
2469 2454 2762 2542 ornavit3

754 2571 1119 2667 theologiae
1154 2571 1443 2644 reddidit
1480 2573 1568 2642 D.
1615 2571 1946 2640 Thomam
1967 2621 1990 2655 ‚
2025 2593 2220 2661 quem
2260 2567 2574 2660 peculiari
2611 2569 2759 2661 ipse

754 2691 973 2762 studio
999 2685 1551 2782 prosequebatur3
1603 2683 1872 2778 ejusque
1899 2686 2242 2756 Summam
2285 2684 2557 2777 optimis
2587 2709 2762 2756 com-

754 2802 1097 2872 mentariis
1134 2799 1526 2868 illustratam
1554 2849 1578 2882 ,
1617 2795 2037 2868 nitidissimis
2079 2798 2432 2871 Seminarii
2471 2798 2648 2890 typis
2683 2823 2762 2868 e-

752 2909 1037 2980 dendam
1070 2907 1321 2978 curavit
1356 2909 1499 3000 (4).
1529 2909 1656 2977 Per
1687 2907 1878 2976 illum
1915 2933 2154 3002 magno
2189 2912 2259 2980 in
2305 2911 2550 2982 honore
2585 2925 2762 2980 utra-

751 3047 879 3117 que
916 3023 1190 3098 historia
1220 3047 1403 3100 sacra
1434 3041 1507 3098 et
1538 3025 1986 3100 ecclesiastica
2013 3028 2239 3102 haberi
2257 3045 2497 3123 ‚coepta
2518 3082 2535 3101 .
2559 3029 2760 3100 Hane

1424 3291 1750 3324 mm
1755 3289 2080 3324 mmm

832 3457 935 3538 (ι)
972 3457 1349 3527 Mmuehell.
1384 3467 1546 3530 Hist.
1579 3467 1756 3530 litter.

834 3559 934 3640 (α)
972 3561 1123 3624 Ibid.
1160 3563 1270 3627 loc.
1328 3567 1429 3628 cit.
1468 3569 1608 3630 Aet.
1662 3569 1827 3632 Beat-
1865 3566 1953 3631 T.
1989 3567 2068 3632 11.
2109 3567 2385 3634 Summar.
2423 3587 2553 3652 pag.
2617 3581 2759 3649 roge

744 3663 886 3742 '134
926 3677 985 3727 et
1020 3665 1108 3729 T.
1146 3667 1254 3734 lv.
1287 3689 1419 3752 pag.
1458 3671 1561 3750 95.

826 3767 929 3846 (3)
968 3767 1118 3831 Ibid.
1160 3771 1246 3832 T.
1280 3773 1362 3832 11.
1398 3773 1614 3835 Summ.
1639 3785 1772 3856 pag.
1824 3795 1951 3836 uo.
1998 3797 2128 3839 ιη.
2170 3789 2227 3838 et
2255 3777 2338 3838 Τ.
2361 3775 2473 3844 IV.
2501 3771 2760 3861 pag-95.

824 3873 928 3960 (4)
958 3873 1223 3950 mochin.
1258 3876 1327 3944 in
1362 3880 1487 3944 vita
1516 3878 1704 3966 ejusd.
1745 3881 1908 3946 Beati
1939 3882 1986 3946 1.
2033 3903 2088 3948 1.
2127 3905 2180 3947 c.
2228 3904 2322 3947 ιη.
