3125 4975
728 339 750 350 ‘
841 361 982 438 aas

1707 619 2025 692 VITA

1289 831 1861 956 JOSEPHI
1928 841 2461 954 TOALDI
2530 937 2535 940 ,

937 1577 1158 1726 Inter
1217 1651 1573 1727 Seminarii
1638 1646 1932 1742 patavini
1994 1646 2168 1717 viros
2226 1645 2515 1717 illustres
2580 1648 2899 1722 nobilem

855 1771 1154 1842 vindicat
1191 1769 1319 1838 sibi
1361 1769 1576 1837 locum
1616 1764 1861 1854 Joseph
1902 1761 2223 1846 Toaldus,
2258 1761 2329 1831 V
2378 1760 2537 1830 Idus
2584 1764 2899 1851 Quincti-

851 1886 936 1956 lis
994 1907 1162 1950 anno
1241 1903 1411 1973 1719
1480 1877 1799 1948 Planetiis
1851 1893 2033 1969 *ortus
2070 1927 2092 1962 ,
2148 1873 2497 1966 patavinae
2552 1875 2889 1948 dioecesis

855 2113 1191 2190 montibus
1247 2113 1432 2180 sita.
1491 2108 2003 2219 Quartodecimo
2058 2107 2292 2177 aetatis
2329 2131 2499 2176 anno
2546 2107 2701 2177 Cal.
2742 2113 2891 2180 De..

852 2231 1140 2301 ccmbris
1199 2231 1371 2300 inter
1425 2227 1719 2324 ejusdem
1778 2211 2132 2298 Semiriarii
2186 2227 2485 2296 alumnos
2533 2247 2887 2319 cooptatus

849 2349 1208 2440 superioris
1250 2349 1721 2442 grammaticae
1760 2346 2135 2432 rudimenta
2172 2327 2469 2438 percepit
2508 2370 2543 2413 a
2583 2349 2884 2441 ,Iosepho

857 2467 1110 2539 stefani
1151 2494 1420 2561 graecae
1459 2468 1721 2561 linguae
1762 2467 2114 2537 admodum
2156 2465 2409 2559 perito.
2466 2468 2759 2557 Optima
2802 2471 2889 2540 vi-

855 2604 962 2655 tae
1021 2588 1434 2657 institutione
1489 2586 1859 2677 praecultus
1910 2585 2242 2672 Toaldus,
2282 2586 2544 2676 ingenio
2602 2590 2887 2680 vigens,

851 2704 1204 2799 adjuvante
1241 2728 1499 2795 quoque
1537 2704 1859 2775 memoria
1898 2703 2253 2793 plurimum
2303 2728 2379 2773 ac
2434 2705 2699 2793 studiO,
2742 2708 2877 2801 jam

835 2836 994 2893 'tum
1052 2821 1396 2891 videbatur
1451 2823 1534 2891 de
1584 2846 1657 2892 se
1713 2822 2006 2913 polliceri
2067 2822 2317 2915 aliquid
2369 2847 2496 2892 non
2555 2826 2877 2915 vulgare.

852 2938 998 3005 Nec
1034 2934 1250 3003 inanis
1287 2920 1414 3005 ista
1456 2936 1832 3025 praesensio
1860 2990 1874 3005 .
1916 2925 2729 3027 Elegantioribus'litteris
2770 2967 2879 3011 ex·

851 3048 1110 3139 politus·
1159 3050 1652 3140 philosophicas
1690 3067 1758 3119 et
1805 3050 2310 3121 mathematicas
2364 3051 2684 3123 scientias
2743 3056 2879 3125 im-

783 3226 786 3231 .
845 3190 1050 3257 pense
1087 3169 1324 3255 coluit,
1349 3192 1507 3239 mox
1545 3195 1585 3239 a
1621 3170 1982 3261 Trivellato
2016 3172 2121 3261 (1)
2154 3169 2390 3240 didicit
2426 3170 2876 3263 theologiam,

845 3303 1054 3371 eoque
1106 3285 1308 3370 duce,
1346 3284 1686 3375 publicum
1744 3300 2076 3354 certarnen
2115 3283 2267 3351 iniit
2304 3308 2477 3352 anno
2533 3287 2758 3374 1742,
2802 3314 2877 3358 ae

839 3400 1132 3471 tamdem
1165 3406 1298 3471 XII
1333 3404 1479 3473 Cal.
1505 3402 1757 3495 Aprilis
1792 3402 2027 3473 eodem
2066 3428 2237 3471 anno
2276 3402 2345 3471 in
2384 3427 2569 3471 sacro
2607 3405 2877 3476 theolo-

841 3522 1068 3615 goru'm
1097 3518 1393 3611 Collegio
1427 3521 1649 3589 laurea
1684 3520 1965 3589 donatus
1994 3543 2213 3589 eorum
2244 3518 2458 3587 ordini
2495 3521 2875 3613 adscriptus

841 3634 1002 3718 suit,
1043 3632 1195 3701 dein
1220 3632 1435 3727 jussus
1471 3659 1512 3705 a
1550 3626 1843 3705 Minotto
1880 3633 2233 3705 Othobono
2270 3633 2735 3722 patavinorum
2782 3660 2864 3707 e-

841 3750 1116 3842 piscopo
1151 3746 1222 3816 in
1259 3746 1633 3819 Seminario
1670 3740 2112 3841 praeceptoris
2149 3745 2363 3817 officio
2402 3744 2586 3839 fungi
2610 3794 2630 3820 .

1515 3912 1843 3941 mmm
1848 3910 2177 3939 mm

941 4026 1039 4108 (ι)
1083 4024 1238 4093 Vide
1282 4023 1402 4111 ejus
1441 4023 1619 4087 vitam
1663 4042 1797 4107 pag.
1844 4022 1972 4085 166.
