3125 4975
805 303 1032 371 itximr'
2392 394 2401 406 .

804 428 1140 524 religionis
1177 417 1366 496 ardor
1403 410 1845 513 ex'presserit3
1884 438 1955 489 ut
2000 404 2202 506 liaeo,
2258 421 2527 512 inquam
2571 474 2591 507 ,
2647 432 2817 514 quiae

806 541 1298 615 meminerimus
1335 558 1599 625 semper
1626 588 1647 621 ,
1686 536 1882 605 modo
1914 534 2265 604 obliviscar
2288 588 2309 619 ‚
2367 535 2537 603 nihil
2592 537 2817 625 probis

805 658 1181 732 hominibus
1219 654 1548 745 acceptius
1588 676 1734 723 esse
1768 652 2025 747 judico,
2062 653 2235 722 nihil
2270 653 2353 722 ad
2396 653 2700 723 virtutem
2742 679 2818 720 aa

803 778 1066 850 leudam
1105 772 1661 845 accommodatius
1698 772 1783 842 iis
1812 772 2160 845 luculentis
2198 772 2819 863 orationibus‚quas

802 890 1038 960 habuit
1075 888 1355 957 solemni
1391 908 1638 978 pompa
1675 901 1745 955 et
1808 902 2127 977 apparatu
2180 885 2251 956 in
2306 907 2545 977 magna
2595 885 2817 955 homi-³

799 1026 958 1071 num
1033 1002 1564 1071 doctissimorum
1653 998 2019 1091 frequentia
2064 1052 2087 1086 ,
2160 1016 2237 1069 ut
2293 999 2820 1071 adolescentibus

799 1112 1072 1209 hujusce
1106 1116 1234 1185 loci
1269 1116 1554 1184 alumnis
1594 1114 1968 1184 ostenderet
2004 1131 2301 1185 tenerum
2340 1115 2661 1206 pueritiae
2702 1116 2821 1183 floa

800 1254 938 1299 rem
977 1229 1168 1298 bonis
1207 1250 1352 1299 esse
1401 1220 1691 1297 moribus
1754 1228 1981 1318 prius5
2048 1252 2246 1319 quam
2311 1228 2503 1298 bonis
2570 1228 2820 1298 artibus

797 1348 1228 1439 imbuendum
1277 1378 1298 1436 3
1365 1362 1548 1417 sacra
1600 1363 1669 1415 et
1736 1346 2003 1437 profana
2060 1348 2275 1417 studia
2327 1347 2620 1417 litterato
2678 1345 2819 1414 viro

797 1462 1122 1555 jungenda
1159 1491 1178 1548 3
1213 1462 1382 1532 nihil
1415 1484 1584 1555 'esse
1624 1461 1837 1551 magis
1878 1460 2153 1530 noxium
2194 1485 2269 1529 ac
2309 1459 2689 1551 pestiferum
2717 1482 2825 1527 va·-

798 1599 882 1645 na
941 1593 1011 1645 et
1069 1575 1251 1645 inani
1309 1576 1627 1645 scientiae
1685 1574 2053 1664 opinione3
2126 1574 2587 1661 gravissimum
2652 1570 2821 1641 sacri

799 1694 1070 1761 oratoris
1111 1718 1351 1761 munus
1423 1711 1731 1781 magnam
1777 1713 2045 1781 poscere
2084 1690 2500 1779 eloquentiae
2564 1690 2697 1757 vim
2757 1703 2825 1755 et

797 1808 1096 1895 copiam3
1168 1809 1336 1876 hanc
1395 1798 1546 1876 vero
1596 1834 1679 1877 ex
1730 1808 1971 1876 divinis
2008 1806 2279 1876 Litteris
2345 1823 2683 1894 tamquam
2731 1827 2816 1871 ex

797 1918 973 1988 fonte
1013 1920 1442 1988 hauriendam
1483 1924 1772 1995 esse.‚In
1810 1920 2047 2009 quibus
2084 1918 2362 1989 oratorie
2412 1918 2823 2009 exponendis

795 2038 1175 2128 eruditeque
1213 2037 1567 2107 tractandis
1607 2038 1943 2128 voluptate
1980 2039 2180 2108 simul
2236 2059 2424 2108 aures
2476 2035 2823 2128 perfunde-

794 2154 950 2240 bat,
991 2172 1057 2225 et
1093 2154 1268 2225 vitae
1308 2156 1674 2249 praeceptis
1712 2159 1903 2228 valde
1940 2156 2269 2249 frugiferis
2326 2156 2583 2227 animos
2621 2155 2825 2224 inform

793 2269 1066 2337 mahat.
1105 2268 1350 2339 Iisdem
1391 2269 1526 2340 fere
1586 2270 1891 2341 laudibus
1954 2274 2329 2342 exornanda
2378 2271 2665 2342 facilitas·
2702 2269 2824 2337 illa

793 2384 1468 2473 paene-incredibilis
1520 2437 1541 2469 ‚
1598 2410 1725 2476 qua
1792 2402 2097 2477 prompte
2152 2389 2493 2475 soluteque
2565 2382 2817 2454 evolvit

797 2512 994 2588 atque
1031 2499 1344 2588 explanat
1381 2516 1771 2591 argumenta
1809 2501 2145 2592 quaelibet
2184 2503 2287 2570 vel
2320 2500 2711 2569 difficillima
2752 2513 2829 2566 et

785 2609 1270 2684 subtilissima.
1313 2613 1491 2683 Nam
1531 2615 1672 2682 sive
1711 2615 1792 2682 de
1832 2615 2069 2684 artium
2128 2613 2425 2680 omniurn
2488 2637 2563 2680 ac
2623 2610 2825 2680 disci-c

794 2728 1122 2818 plinarum
1165 2731 1424 2799 vinculo
1463 2747 1531 2797 et
1568 2731 1953 2825 cognatione
1992 2729 2313 2818 loquitur,
2350 2728 2489 2797 sive
2518 2729 2599 2798 de
2640 2730 2824 2798 inve⁴

797 2841 1138 2930 stigandae
1179 2859 1374 2929 atque
1440 2842 1806 2909 imitandae
1862 2858 2131 2910 naturae
2184 2842 2438 2932 legibus
2481 2885 2505 2929 ‚›
2557 2845 2700 2913 sive
2740 2844 2829 2912 de'

799 2953 1114 3020 scientiae
1152 2951 1466 3019 naturalis
1505 2953 1743 3020 finibus
1786 2955 2222 3046 propagandis
2276 2956 2699 3047 indagatione
2749 2971 2823 3024 et·

795 3063 1176 3132 inventione
1217 3085 1430 3132 rerum
1471 3089 1817 3150 novarum,
1854 3068 1994 3137 sive
2034 3070 2115 3137 de
2150 3070 2350 3139 certis
2389 3089 2455 3138 et
2504 3089 2814 3140 constan-⁵

799 3173 1075 3245 tissimis
1115 3177 1290 3267 apud
1329 3201 1556 3246 omnes
1622 3181 1896 3270 populos
1958 3182 2353 3252 imitationis
2407 3186 2753 3276 principiis
2790 3219 2821 3267 5

797 3294 952 3383 quid
995 3296 1080 3366 iis
1112 3296 1512 3367 orationihus
1551 3296 1811 3369 facilius
1847 3303 2128 3371 inveniri
2170 3319 2383 3394 potes-t
2420 3307 2446 3372 ?
2510 3307 2679 3394 Quis
2734 3324 2821 3371 eo

795 3413 1158 3505 promptior
1195 3416 1276 3486 ad
1321 3417 1721 3489 dicendum?
1758 3421 1950 3490 Nihil
1988 3437 2101 3490 aut
2138 3423 2371 3492 durum
2409 3424 2481 3493 in
2542 3421 2766 3494 verbis
2790 3458 2819 3504 ,-

801 3548 913 3600 aut
949 3533 1019 3600 in
1056 3535 1400 3604 sententiis
1439 3539 1842 3626 violentum3
1880 3541 2100 3610 omnia
2140 3563 2258 3610 sua
2329 3542 2517 3633 quasi
2576 3547 2817 3628 spent&

796 3667 834 3711 e
871 3661 1139 3736 naturae
1177 3647 1326 3716 sinu
1362 3651 1812 3740 erumpentia3
1851 3674 2065 3722 sermo
2118 3655 2427 3744 expedite
2491 3671 2753 3721 currens
2790 3661 2820 3730 ξ

805 3775 972 3832 irena
1008 3767 1102 3834 ita
1143 3765 1326 3838 dives
1350 3820 1371 3852 ,
1411 3784 1482 3836 ut
1521 3785 1879 3859 numquam
1937 3771 2302 3858 minuatur,
2340 3773 2433 3839 ita
2472 3770 2678 3837 fluens
2730 3763 2817 3831 lis

796 3871 990 3973 Βθῑο,
1045 3901 1117 3954 ut
1153 3909 1474 3980 nusquam
1515 3887 1805 3960 insistat.
1841 3888 2013 3962 Hinc
2050 3889 2166 3962 illa
2204 3887 2641 3984 perspicuitas·
2688 3893 2803 3950 set!
