3125 4975
785 307 924 401 53}ss
1744 320 1911 378 vm

879 456 1096 540 Atque
1149 446 1276 515 hoc
1313 443 1583 535 quidem
1622 468 1770 513 cum
1814 446 1882 511 in
1914 443 2064 513 aliis
2100 440 2409 513 omnibus
2464 430 2605 539 eius
2660 430 2835 519 seris·

797 566 976 655 ptis,
1035 578 1174 631 tum
1231 560 1300 627 in
1355 557 1928 627 dissertationibus
1974 558 2173 648 plane
2228 576 2549 649 apparet,
2586 565 2829 652 quibus

795 682 1090 767 codicem
1150 676 1651 766 diplomaticum
1708 673 2089 764 patavinum
2148 674 2485 745 examinat
2505 729 2519 744 .
2576 680 2829 750 Horum

797 794 978 861 enim
1019 791 1456 882 diplomatum
1485 788 1617 856 alia
1658 804 1993 877 tamquam
2032 786 2285 856 sincera
2324 782 2657 876 admittit,
2692 793 2827 863 alia

797 912 1016 1006 rejicit
1051 926 1125 979 ut
1179 906 1554 999 apocrypha
1578 952 1600 993 ,
1638 930 1805 997 quae
1844 906 1914 973 in
1970 905 2075 975 his
2114 908 2564 993 continentur,
2600 910 2827 979 omnia
2888 970 2907 981 .

793 1026 866 1096 in
926 1022 1458 1113 disquisitionem
1519 1044 1797 1091 vocans.
1860 1019 2103 1089 Stilum
2166 1038 2499 1109 praeterea
2518 1066 2545 1107 ‚·
2596 1041 2825 1095 notam

793 1137 1152 1227 temporis,
1213 1132 1657 1204 characterem
1691 1186 1711 1216 ‚
1758 1148 1827 1201 et
1880 1133 2011 1201 alia
2048 1126 2426 1226 hujusmodi
2482 1139 2779 1226 explorat
2800 1172 2827 1209 .·

794 1257 1192 1347 Magnorum
1249 1253 1452 1321 etiam
1512 1249 1795 1321 virorum
1814 1303 1837 1337 ,
1876 1251 2129 1341 quoties
2168 1262 2539 1339 occurrunt,
2574 1278 2826 1327 errores

793 1374 1060 1465 corrigit
1100 1422 1122 1443 .
1161 1372 1335 1451 ‚Suas
1381 1372 1579 1441 hasce
1634 1386 1967 1441 accuratas
2004 1370 2489 1439 observationes
2526 1374 2827 1444 extendit

795 1493 882 1559 ad
918 1514 996 1559 ea
1021 1491 1246 1560 omnia
1283 1489 1651 1581 diplomata
1670 1536 1696 1574 ‚
1726 1512 1893 1578 quae
1930 1487 2305 1579 prodierant
2342 1490 2673 1560 undecimi
2714 1493 2832 1562 ad<

795 1634 1004 1700 usque
1037 1610 1282 1681 saeculi
1321 1608 1651 1679 medium.
1684 1610 1961 1677 Utinam
2001 1608 2150 1678 illas
2182 1595 2458 1679 aliorum
2488 1609 2660 1679 bono
2686 1614 2831 1683 cdi·-

789 1722 1036 1793 disset!
1553 1716 1567 1726 ’

883 1844 1156 1911 Utinam
1193 1842 1364 1912 hanc
1401 1838 2028 1933 recognovisset5·et'
2064 1842 2441 1934 protulisset
2474 1828 2823 1916 historiam

797 1956 1116 2026 ecclesiae
1153 1954 1546 2044 patavinae!
1605 1980 1801 2045 quam
1834 1956 2245 2025 exarandam
2282 1975 2660 2047 susceperat
2694 1959 2825 2051 jus·-

797 2098 872 2141 su
911 2073 1130 2141 Caroli
1168 2073 1538 2163 cardinalis
1577 2073 1925 2143 Rezzonici
1964 2072 2125 2142 olim
2165 2072 2463 2165 eiusdem
2500 2076 2823 2147 ecclesiae

799 2190 1094 2281 episcopi
1120 2238 1144 2276 ,-
1179 2181 1375 2283 quem
1415 2214 1749 2287 summum
1790 2188 2171 2259 Pontificem
2210 2206 2441 2279 postea
2496 2192 2777 2265 vidimus
2802 2241 2825 2265 ι

798 2310 1060 2380 Novem
1099 2326 1166 2380 et
1203 2309 1488 2402 amplius
1527 2308 1678 2403 (uti
1718 2308 1902 2403 ajunt
1940 2310 2415 2400 (1))veterum
2448 2311 2819 2383 chartarum

798 2427 1016 2498 millia
1051 2429 1181 2526 sibi
1219 2430 1298 2500 ad
1339 2428 1532 2528 hujus
1572 2428 1788 2520 operis
1826 2427 2378 2498 constructionem
2429 2448 2769 2519 paraverat
2796 2479 2829 2518 5

797 2549 970 2640 quod
999 2549 1176 2618 licet
1233 2572 1366 2618 non
1427 2548 1819 2632 absolverit,
1872 2545 2086 2616 adhuc
2142 2564 2365 2616 tamen
2402 2548 2689 2618 maximo
2746 2550 2823 2618 in

797 2662 1013 2754 pretio
1049 2662 1423 2733 habendum
1463 2685 1613 2730 cum
1654 2661 1903 2730 eximia
1932 2661 2305 2732 eruditione
2326 2714 2346 2746 ‚
2374 2677 2509 2730 tum
2546 2663 2771 2731 critice
2797 2709 2821 2734 ,ι

793 2776 1092 2846 Primum
1133 2773 1301 2840 italo·
1337 2795 1638 2842 sermone
1674 2772 1897 2862 ipsum
1926 2773 2327 2863 ,conscripsit
2351 2803 2376 2860 5
2399 2773 2554 2844 dein
2587 2775 2825 2846 latinis

801 2885 1372 2958 dissertationibus
1409 2887 1839 2956 communiit.
1882 2889 2277 2980 Numquam
2318 2891 2419 2958 illi
2456 2893 2821 2982 patientia,

798 3023 1156 3090 numquam
1209 3001 1573 3070 constantia
1622 2997 1832 3068 defuit
1890 3000 1959 3068 in
2006 3003 2309 3072 eruendis
2344 3057 2369 3088 ,
2426 3005 2813 3096 colligendis

799 3137 868 3190 et
921 3119 1322 3190 illustrandis
1379 3119 1717 3190 mdiorum
1774 3113 2145 3210 temporum
2202 3123 2687 3210 monumentis3
2742 3123 2817 3192 in

753 3221 760 3226 ⁸
800 3238 1196 3308 extricandis
1243 3254 1310 3308 et
1355 3237 1828 3331 expediendis,
1876 3263 2043 3328 quae
2092 3238 2253 3306 vitio
2298 3255 2664 3330 temporum
2696 3242 2825 3311 im·

798 3350 1044 3442 plicata
1083 3371 1149 3421 et
1186 3350 1455 3422 obscura
1480 3401 1495 3420 .
1535 3352 1787 3442 Magna
1814 3348 1951 3418 ‘fuit
1998 3349 2191 3443 huius
2218 3350 2433 3441 operis
2474 3373 2821 3444 exspecta-

799 3471 931 3540 tio.
993 3463 1212 3538 Multa
1249 3469 1377 3540 sibi
1419 3469 1895 3560 pollicebantur
1932 3468 2016 3538 ab
2056 3469 2179 3538 hac
2215 3467 2767 3542 historia-eruditi
2793 3527 2813 3544 .

799 3586 934 3658 Sed
969 3585 1298 3673 nondum,
1335 3589 1432 3656 uti
1471 3588 1803 3675 diximus,
1842 3588 2071 3658 eadem
2106 3587 2389 3679 prodiit,
2444 3612 2641 3680 quam
2694 3591 2815 3662 ille

1485 3755 2143 3790 mmm-mmm
2164 3767 2169 3772 ·

887 3837 984 3916 (ι)
1025 3835 1476 3904 Mazzuehellius
1531 3841 1597 3901 in
1654 3840 1795 3907 Vol.
1832 3841 1913 3902 11.
1954 3859 2019 3922 p.
2070 3841 2186 3907 ·1V.
2225 3859 2359 3922 pag.
2398 3840 2573 3916 2164.
2628 3863 2689 3902 n.
2720 3843 2821 3905 58.

797 3941 866 4022 ᾗιι
903 3953 1156 4004 annotat.
