3125 4975
861 329 1000 406 368
1724 391 1731 396 .
1802 337 1971 394 mi

852 474 992 564 plet
1017 523 1032 540 .
1073 471 1387 542 Auctoree
1425 461 1647 548 affert,
1684 460 1798 552 qui
1836 461 1919 530 de
1959 457 2335 553 hujusmodi
2376 485 2444 530 re
2480 487 2907 540 commemo.

847 606 1024 674 rant,
1061 584 1482 656 Plutarchum
1503 635 1522 665 ‚
1545 579 1975 670 xiphilinum
1998 631 2017 662 ,
2058 578 2365 648 Tacitum
2383 632 2407 665 ,
2440 586 2759 657 omnium
2794 617 2903 661 ve-

853 733 925 777 ro
963 705 1252 796 maxime
1281 701 1721 772 Muratorium
1742 751 1763 782 ,
1792 696 1905 788 qui
1946 697 2159 788 poetis
2186 713 2411 766 auctor
2446 717 2549 770 eat
2566 754 2588 786 ,
2614 720 2693 772 ut
2720 730 2905 778 eam-

851 827 1002 896 dem
1040 823 1112 891 in
1147 843 1414 919 scenam
1447 814 1813 909 proferant,
1852 815 1949 884 sic
1988 813 2073 884 de
2114 814 2229 883 illa
2258 815 2563 886 acribens
2617 820 2689 888 in
2762 829 2903 914 pri-
3033 907 3034 922 ἶ

853 961 962 1009 mo
1001 935 1398 1008 Annalium:
1465 965 1504 998 n
1551 934 1645 1004 Vi
1695 931 1963 1002 sarebbe
2016 931 2189 1000 bella
2228 947 2616 1022 comparsa,
2678 939 2901 1013 sicco-
3032 937 3034 972 ²

845 1079 886 1117 υ
933 1073 1042 1118 me
1079 1058 1492 1138 atravagaute
1527 1068 1569 1113 e
1604 1066 1844 1134 capace
1884 1042 1951 1112 di
1992 1067 2259 1112 muover
2294 1045 2359 1112 le
2394 1044 2685 1134 lagritne
2716 1057 2899 1146 oggi-

847 1197 896 1234 ».
933 1166 1044 1251 dt,
1087 1187 1284 1235 come
1343 1165 1412 1232 vi
1470 1161 1613 1234 fece
1662 1162 1864 1232 allora
1904 1163 2071 1253 (1)n
2103 1212 2119 1230 .
2172 1164 2253 1230 In
2290 1184 2371 1230 ea
2409 1185 2601 1251 porro
2662 1173 2896 1242 omnia
3032 1187 3034 1190 ⁴

843 1303 1020 1356 recte
1069 1286 1366 1376 digesta,
1403 1299 1472 1352 et
1505 1281 1805 1350 ordinate
1844 1280 2165 1370 disposita
2197 1331 2218 1364 ,
2254 1280 2499 1354 animis
2550 1283 2895 1358 delectan-
3032 1319 3034 1324 ·

847 1395 957 1474 dia‘
985 1421 1053 1474 et
1089 1402 1584 1474 commovendis
1611 1399 1849 1470 idonea
1874 1451 1891 1468 .
1914 1401 1993 1468 In
2026 1397 2166 1494 ejus
2198 1398 2387 1490 quasi
2414 1400 2753 1474 vestibulo
2790 1431 2893 1477 oo-

849 1523 1056 1593 currit
1091 1513 1256 1591 illud
1295 1519 1567 1590 Ovidii:

883 1639 1141 1712 „Scena
1179 1638 1392 1728 viget,
1425 1635 1792 1727 studiisque
1828 1631 2009 1714 favor
2041 1632 2437 1710 distantibus
2466 1636 2851 1732 ardet(2)„
2872 1691 2893 1712 ,
3031 1655 3034 1692 μ

943 1755 1296 1845 Tragieum
1371 1749 1603 1820 drama
1660 1749 1953 1839 sequitur
2010 1749 2381 1822 dissertatio
2455 1750 2540 1821 de
2604 1756 2891 1844 quibus..

849 1873 1006 1942 dam
1069 1865 1573 1958 antiquitatibus
1620 1864 1818 1934 editis
1881 1865 1963 1934 ad
2002 1882 2301 1935 ornatum
2355 1866 2567 1956 ipsius
2626 1886 2895 1966 tragoe-

849 1991 998 2058 diae
1024 2035 1042 2055 .
1083 1989 1250 2058 Eam
1291 1987 1442 2052 vero
1481 1982 1671 2052 misit
1708 1983 1799 2052 ad·
1838 1983 2053 2052 virum
2092 1983 2424 2054 celebrem
2464 1987 2545 2074 de
2591 1986 2901 2062 la-Lan-

845 2105 927 2174 de
949 2154 972 2188 ,
1009 2124 1208 2190 quem
1246 2101 1516 2169 Parisiis
1555 2117 1823 2170 noverat
1862 2101 2025 2190 regii
2066 2101 2275 2170 musei
2316 2101 2639 2170 custodem
2662 2153 2682 2169 .
2718 2107 2898 2176 Dis.

839 2217 1210 2308 agnationis
1261 2218 1336 2286 in
1395 2215 1607 2286 fronte
1664 2209 1857 2288 offert
1912 2219 1984 2288 §e
2034 2217 2482 2308 spectantibus
2548 2219 2891 2296 Octaviae

839 2332 1088 2425 effigies
1106 2384 1128 2417 ,
1166 2346 1334 2423 quae
1373 2355 1410 2401 a
1451 2331 1724 2403 Graecis
1754 2317 1997 2401 dicitur
2030 2331 2334 2422 προνομιδ,
2372 2353 2887 2410 monumentum

833 2451 922 2522 ob
979 2450 1318 2522 raritatem
1355 2451 1718 2523 eximium.
1763 2453 1931 2523 Mox
1970 2475 2197 2521 causas
2236 2449 2465 2537 affert,
2507 2477 2627 2523 cur
2676 2455 2883 2550 hujus

811 2564 1057 2655 potius
1095 2562 1378 2656 effigiem
1419 2564 1514 2634 ibi
1553 2564 2065 2655 imprimendam
2105 2564 2693 2656 curaverit‚quam
2746 2573 2886 2661 Ep.

835 2682 1148 2773 poninae.
1189 2684 1363 2749 Tum
1402 2680 1530 2749 alia
1586 2682 1870 2749 illustrat
1885 2661 1908 2747 .’
1944 2681 2047 2750 Ad
2088 2680 2339 2750 exitum
2378 2680 2687 2776 ejusdem
2750 2686 2881 2759 dis-

821 2792 1204 2865 -aertationis
1243 2792 1380 2883 agit
1425 2791 1508 2859 de
1555 2792 1828 2881 picturis
1865 2794 2217 2865 herculano
2255 2795 2324 2863 in
2378 2796 2637 2885 oppido
2666 2796 2873 2870 effoc-

831 2909 925 2978 εἰς
947 2959 963 2977 .
999 2904 1193 2975 Unde
1231 2904 1316 2973 ad
1352 2904 1859 2974 illustrationem
1895 2905 2089 3003 hujus
2132 2906 2501 2998 tragoediae
2540 2910 2875 2999 plurima.

825 3024 994 3091 Rem
1043 3015 1372 3087 concludit
1409 3016 1574 3086 italo
1634 3016 2109 3113 epigrammate
2164 3021 2245 3090 de
2292 3019 2475 3093 obitu
2538 3023 2877 3115 Alphonsi

827 3130 1114 3201 Comitis
1158 3184 1179 3217 ,
1237 3130 1732 3220 Hispaniarum·
1766 3132 1938 3227 regis
1990 3133 2236 3225 legati,
2300 3133 2555 3225 patroni
2614 3138 2719 3209 aui
2744 3192 2769 3228 ,
2806 3160 2883 3215 et

831 3248 1238 3318 maecenatis
1279 3248 1676 3339 amplissimi
1708 3302 1725 3325 .

919 3361 1214 3431 Plurima
1282 3380 1614 3453 praeterea
1692 3381 1845 3434 aunt
1908 3363 2071 3435 itala
2112 3364 2294 3434 illius
2342 3364 2880 3463 epigrammata,

829 3498 1107 3571 quorum
1163 3476 1384 3571 aliqua
1440 3477 1525 3546 ab
1587 3478 1820 3548 eodem
1858 3478 2086 3549 habita
2139 3480 2213 3566 in
2252 3472 2599 3552 academia
2648 3482 2887 3557 londi-

911 3847 1012 3925 (1)
1055 3846 1190 3927 Pag.
1233 3851 1368 3923 240.
1413 3847 1553 3911 edit.
1594 3849 1827 3913 mediol.
1874 3836 2324 3934 (veneto-ann.
2372 3858 2549 3935 ¹744·

897 3953 1000 4039 μ)
1037 3952 1320 4017 Trinium
1357 3952 1464 4016 lib.
1503 3956 1564 4017 3.
1606 3954 1752 4037 cleg.
1794 3958 1851 4021 5.
1910 3977 1971 4018 v.
2013 3959 2115 4021 25.
