3125 4975
938 421 943 427 ·
960 414 1373 470 sensuam
1390 414 1772 473 ,muzom
2247 393 2378 495 149

443 522 757 619 Ᾱῑῑειωεη
798 542 899 612 vir
934 542 1339 613 clarissimus
1374 540 1582 611 satius
1619 539 1810 609 duxit
1847 560 1918 609 se
1955 538 2248 629 recipere
2303 540 2374 609 in

350 666 667 757 patriam,
706 677 775 731 et
809 662 1091 752 reliquos
1138 660 1270 731 sihi
1318 663 1523 730 annos
1579 684 1730 729 cum
1769 658 1908 728 suis
1973 659 2332 750 transigere
2353 710 2372 727 .

350 780 463 853 sie
500 782 733 851 domus
758 833 783 867 ,
818 804 987 872 quae
1016 779 1231 871 prima
1284 778 1606 850 infantiae
1668 777 1919 862 fuerat,
1957 777 2192 847 eadem
2231 800 2384 859 esse

348 895 567 985 coepit
614 889 1129 963 familiarissima
1168 893 1531 961 senectuti.
1564 874 1838 960 Factum
1869 890 1942 961 id
1978 914 2126 960 ann.
2175 894 2374 984 1764.

347 1010 503 1081 Non
560 1007 827 1099 exiguos
882 1008 1000 1075 ille
1053 1007 1165 1074 hic
1222 1006 1469 1075 reditus
1508 1004 1922 1096 percipiebat
1957 1026 2042 1073 ex
2085 1003 2377 1095 quodam

348 1106 643 1212 simplici
696 1136 765 1191 et
816 1118 1303 1203 ecclesiastico,
1335 1204 1341 1215 ἱ
1376 1134 1453 1185 ut
1514 1117 1738 1207 ajunt,
1789 1113 2150 1203 beneficio,
2205 1113 2384 1206 quod

350 1240 421 1311 in
458 1265 613 1311 eum
670 1240 1040 1307 contulerat
1080 1216 1495 1303 eminentis&
1534 1234 1730 1301 Card.
1775 1232 2095 1321 Georgius
2133 1234 2386 1303 Corne..

345 1356 475 1428 lius
531 1356 738 1445 episc.
804 1370 1027 1442 pataV.
1086 1350 1301 1441 pridie
1355 1350 1513 1419 Idus
1578 1336 1894 1418 Octobris
1949 1372 2100 1418 ann.
2165 1354 2378 1441 ¹713·

348 1476 541 1561 Quae
581 1484 775 1537 antea
814 1468 1057 1551 fuerat,
1096 1466 1331 1535 eadem
1369 1466 1574 1535 etiam
1627 1466 1978 1557 postremis
2017 1467 2204 1539 annis
2241 1484 2385 1537 erat

347 1590 490 1680 ejus
530 1584 949 1654 exercitatio.
1005 1584 1315 1676 Legendo
1347 1638 1365 1669 ,
1418 1584 1814 1669 scribendo,
1864 1584 2028 1651 alios
2065 1584 2136 1651 in
2188 1582 2384 1652 bonis

353 1700 603 1771 artibus
641 1698 995 1769 erudiendo
1032 1700 1240 1768 vitam
1284 1686 1610 1771 traduxit.
1647 1704 1851 1773 Erant
1887 1699 2066 1771 enim
2102 1698 2234 1789 ipsi
2271 1698 2386 1769 ad-

347 1816 473 1885 huc
490 1867 512 1900 ,
550 1831 624 1883 ut
660 1813 820 1883 olim
858 1812 1001 1882 seni
1034 1812 1315 1897 Catoni,
1357 1813 1560 1883 latera
1583 1865 1600 1883 .

426 1929 749 2018 Magnum
768 1928 993 2016 itaque
1030 1946 1118 1995 ex
1152 1924 1311 2019 ejus,
1330 1925 1656 1997 industria
1681 1925 1901 2017 eoepit
1929 1923 2368 2000 institutionis

334 2040 619 2111 fructum
684 2024 1027 2125 thienaea‚
1064 2053 1135 2107 et
1172 2038 1606 2113 finitimarum
1645 2063 1902 2133 quoque
1941 2039 2236 2131 gentium
2272 2041 2372 2135 ju-

340 2172 576 2222 ventus
597 2204 619 2237 ‚
686 2152 861 2229 unde
917 2152 1240 2241 plurimus
1280 2153 1366 2221 ad
1400 2176 1552 2223 eum
1592 2178 1938 2225 concursus
1963 2204 1978 2221 .
2016 2155 2246 2225 Plures
2292 2178 2378 2229 ex

333 2270 489 2360 ‘ejus
524 2266 683 2336 ludo
738 2266 1015 2356 profecti
1054 2285 1242 2352 sunt,
1284 2270 1397 2357 qui
1433 2288 1665 2360 postea
1699 2272 1988 2341 illustres
2011 2320 2028 2339 .
2068 2273 2208 2341 Hos
2263 2274 2371 2342 in.

346 2404 447 2453 ter
493 2383 775 2465 eminet,
813 2383 928 2471 qui
969 2382 1145 2451 vitae
1180 2384 1363 2451 illius
1400 2404 1826 2455 monumenta
1862 2388 2212 2477 diligenter
2237 2392 2367 2461 col-

337 2507 512 2578 leeta
548 2495 832 2566 fideliter
859 2495 945 2566 ad
1001 2515 1111 2562 me
1181 2494 1403 2579 misit,
1442 2497 1826 2565 Franciscus
1861 2500 2170 2569 Horatius
2215 2507 2376 2574 Bus-

338 2616 515 2686 solus
539 2667 557 2685 .
618 2617 687 2685 Is
742 2613 907 2684 tanti
962 2611 1265 2704 magistri
1330 2613 1679 2706 exemplo,
1733 2636 1934 2706 quam
1990 2613 2076 2682 ab
2140 2620 2373 2694 eodem

335 2733 641 2825 amplam
680 2731 945 2804 dicendi
982 2733 1205 2802 hausit
1240 2731 1666 2818 facultatem,
1707 2731 1936 2804 Natali
1977 2749 2206 2824 postea
2241 2737 2372 2804 La-

345 2847 547 2917 stesio
587 2847 749 2918 duce
788 2861 1049 2917 auctam
1077 2863 1143 2915 et
1172 2847 1566 2938 expolitam,
1604 2847 1676 2916 in
1714 2847 1880 2917 alios
1918 2848 2063 2939 ipse
2103 2845 2370 2940 publico

338 2982 609 3030 suorum
648 2959 1063 3051 municipum
1100 2959 1281 3054 jussu
1318 2961 1653 3050 praeclare
1687 2962 2066 3054 impendit.

430 3083 511 3148 In
548 3078 655 3148 his
692 3079 973 3150 detinuit
1004 3101 1117 3148 me
1156 3079 1400 3148 diutius
1438 3081 1712 3150 litterati
1751 3081 1876 3150 viri
1912 3080 2316 3171 longaevitas
2337 3091 2366 3155 .’

339 3193 475 3263 Sed
498 3217 579 3262 ne
606 3193 837 3264 breves
872 3195 1307 3286 transgrediar
1337 3197 1650 3267 terminos
1681 3198 2178 3285 commentarii,
2206 3222 2364 3290 pauf-

342 3331 423 3376 ca
462 3329 635 3373 nune
676 3307 757 3374 de
795 3307 1119 3376 moribus·

430 3422 591 3490 Erat
625 3419 973 3509 singularis
1025 3418 1205 3489 illius
1244 3421 1683 3508 abstinentia,
1719 3425 2114 3496 consuetudo
2143 3425 2368 3520 jucun-

316 3537 470 3623 ·da,
522 3536 731 3606 comis
787 3533 1203 3622 humanitas,
1258 3536 1493 3608 urbani
1546 3538 1676 3633 jeci
1715 3563 1792 3610 ae
1834 3539 2178 3614 liberales.
2233 3546 2360 3616 His

264 3691 269 3694 ·
340 3653 645 3724 utebatur
682 3677 833 3723 eum
872 3654 1009 3722 suis
1050 3653 1433 3746 aequalibus
1470 3671 1539 3725 et
1591 3655 1860 3726 amicis.
1904 3657 1992 3728 Se
2045 3659 2364 3732 demitte-

338 3773 459 3845 bat
492 3775 697 3844 etiam
736 3775 818 3844 ad
856 3772 1193 3845 inferiores
1215 3829 1232 3845 .
1286 3777 1517 3848 Sermo
1552 3778 1872 3868 plurimus
1910 3779 1994 3849 de
2044 3781 2354 3874 patavino

338 3892 710 3967 Seminario
731 3917 761 3963 .·
806 3895 913 3964 De
966 3917 1039 3965 se
1056 3947 1078 3983 ‚
1117 3895 1200 3966 de
1238 3895 1431 3966 rebus
1468 3897 1605 3967 suis
1642 3896 1938 3969 modeste
1989 3899 2358 3988 sentieBat,

325 4009 593 4084 »alienus
629 4009 713 4084 ab
750 4010 930 4082 omni
968 4010 1411 4085 ostentatione
1442 4033 1519 4082 ac
1556 4009 1742 4102 fuco,
1779 4027 1854 4084 ut
1898 4011 1972 4082 in
2023 4011 2360 4105 oratione,
