3125 4975
2259 322 2398 417 232

1214 574 1535 647 'VITA

780 729 1373 925 JOANle
1440 808 2042 985 ovaE.
2121 832 2180 931 ,-

462 1568 555 1713 J
556 1664 799 1713 oannes
847 1638 1047 1711 Oliva
1096 1633 1473 1730 politiorum
1526 1633 1896 1705 litterarum
1931 1635 2112 1707 cultu
2145 1635 2404 1728 praeci-

376 1780 507 1849 pue
544 1756 799 1841 clarus,
822 1750 1133 1843 Rhodigii
1168 1766 1359 1836 natus
1396 1764 1499 1817 est
1530 1772 1700 1817 anno
1736 1750 1910 1845 1690
1937 1774 2160 1821 mense
2189 1752 2366 1821 Julio
2388 1801 2410 1822 .

370 1876 571 1951 Sexto
596 1873 855 1953 decimo
898 1870 1136 1941 aetatis
1172 1892 1328 1939 suae
1364 1867 1501 1961 iam
1538 1868 1906 1960 completo,
1943 1872 2081 1941 XII
2107 1870 2411 1941 Cal.·No··

369 1989 659 2061 vembris
699 1987 871 2057 inter
914 1985 1209 2077 patavini
1248 1983 1606 2057 seminarii
1661 1984 1962 2055 alumnos
2017 1984 2409 2053 describitur

376 2106 770 2177 imbuendus
804 2102 1039 2196 primis
1070 2103 1231 2172 artis
1266 2101 1631 2173 rhetoricae
1658 2102 2083 2173 rudimentis.
2103 2106 2261 2173 Erat
2291 2102 2409 2173 ille

382 2223 676 2297 moribus
710 2222 933 2311 probis
950 2275 973 2306 ‚
999 2221 1284 2313 eleganti
1316 2220 1584 2311 ingenio
1611 2240 1680 2291 et
1701 2222 2104 2313 perspicaci,
2123 2220 2418 2313 pollebat

375 2336 585 2406 etiam
644 2333 960 2404 facilitate
1008 2336 1367 2407 memoriae
1391 2388 1411 2421 ‚
1444 2352 1514 2407 et
1552 2335 1799 2421 multa,
1849 2361 2018 2429 quae
2066 2335 2407 2429 ingenium

383 2450 1137 2546 promovet‚industria.
1162 2449 1668 2522 Amoeniorihus
1687 2449 1922 2520 studiis
1959 2450 2287 2540 expolitus
2325 2448 2412 2525 ad

383 2568 773 2658 excipienda
812 2568 1351 2660 philosophorum
1404 2570 1706 2660 dogmata
1747 2567 2064 2651 accessit,
2105 2583 2246 2638 tum
2297 2592 2410 2640 sa·-

376 2705 527 2754 crae
564 2682 936 2774 Scripturae
976 2707 1245 2774 operam
1286 2683 1584 2768 navavit,
1647 2705 1802 2750 mox
1849 2683 1932 2751 ad
1971 2681 2404 2754 Academiam

378 2799 728 2894 translatus
748 2850 769 2882 ,
796 2820 869 2866 se
908 2797 1147 2868 litteris
1186 2820 1414 2867 rursus
1444 2797 1666 2883 dedit,
1701 2797 1772 2864 in
1797 2795 2032 2888 primis
2063 2792 2286 2886 poesi,
2323 2790 2412 2871 ad

378 2937 581 3008 quam
620 2910 948 2980 ferebatur
993 2928 1257 2982 natura.
1873 3001 1878 3006 ⁸

473 3029 925 3122 Quadriennio
972 3030 1197 3118 elapso
1260 3055 1301 3101 e
1346 3030 1716 3102 Seminario
1783 3027 2128 3099 discedens
2171 3023 2246 3094 in
2290 3036 2414 3116 pai

396 3148 589 3216 triam
632 3149 857 3218 rediit.
902 3151 1008 3220 Ibi
1047 3151 1361 3243 Philippo
1402 3177 1439 3222 a
1496 3153 1706 3222 Turre
1741 3151 2050 3240 episcopo
2085 3143 2414 3228 adriensi,

392 3262 537 3332 viro
588 3263 1067 3356 litteratissime
1122 3289 1195 3336 se
1248 3291 1321 3336 se
1372 3264 1634 3336 addixit
1657 3318 1677 3350 ,
1717 3263 2074 3352 ludumque
2115 3259 2415 3354 aperuit,

388 3373 461 3447 in
500 3399 698 3466 quem
733 3379 993 3468 excepit
1050 3379 1369 3471 quosdam
1422 3381 1692 3474 juvenes
1731 3402 1815 3448 ex
1853 3374 2202 3468 nobilibus·
2233 3373 2418 3445 urbis

390 3492 576 3564 illius
613 3490 927 3578 familiis,
952 3494 1126 3563 inter
1162 3495 1281 3563 hos
1319 3493 1612 3584 Philippi
1654 3508 1960 3581 nepotes,
2003 3489 2242 3559 litteris
2279 3511 2422 3556 eru-

394 3607 673 3688 diendos
696 3659 713 3676 .
753 3609 979 3700 thue
1017 3608 1196 3700 ipsos
1225 3609 1437 3702 magis
1474 3606 1854 3678 incenderet
1890 3604 1974 3675 ad
2011 3603 2229 3674 studia
2251 3655 2273 3688 ‚
2311 3624 2418 3672 eo-

392 3741 539 3790 rum
576 3721 977 3791 institutioni
1017 3713 1383 3793 orationem
1423 3722 1768 3814 praemisit
1799 3720 2092 3792 maxime
2122 3718 2415 3796 vividam

394 3849 465 3902 et
502 3835 765 3924 plenam
806 3835 1101 3906 sincerae
1138 3855 1207 3906 et
1244 3839 1658 3930 incorruptae
1700 3836 2096 3928 elegantiae,
2134 3849 2208 3916 ut
2244 3829 2422 3900 affir-

388 3965 539 4058 mf‘it
574 3951 675 4026 vir
711 3953 1131 4031 doctissimus
1168 3957 1610 4052 Hieronymus
1663 3979 1886 4028 comes
1923 3952 2272 4028 canonicus
2329 3946 2420 4034 de
