<?xml version="1.0" encoding="UTF-8"?>
<!DOCTYPE html PUBLIC "-//W3C//DTD XHTML 1.0 Transitional//EN"
    "http://www.w3.org/TR/xhtml1/DTD/xhtml1-transitional.dtd">
<html xmlns="http://www.w3.org/1999/xhtml" xml:lang="en" lang="en">
 <head>
  <title>
</title>
<meta http-equiv="Content-Type" content="text/html;charset=utf-8" />
  <meta name='ocr-system' content='tesseract 3.04.00' />
  <meta name='ocr-capabilities' content='ocr_page ocr_carea ocr_par ocr_line ocrx_word'/>
</head>
<body>
  <div class='ocr_page' id='page_1' title='image "./vitaevirorumill01melagoog_0287.png"; bbox 0 0 3125 4975; ppageno 0'>
   <div class='ocr_carea' id='block_1_1' title="bbox 766 346 2844 3232">
    <p class='ocr_par' dir='ltr' id='par_1_1' title="bbox 792 346 1916 438">
     <span class='ocr_line' id='line_1_1' title="bbox 792 346 1916 438; baseline -0.015 -19"><span class='ocrx_word' id='word_1_1' title='bbox 792 346 929 438; x_wconf 72' lang='lat'>²4⁰</span> <span class='ocrx_word' id='word_1_2' title='bbox 1104 380 1113 391; x_wconf 95' lang='lat'><strong>·</strong></span> <span class='ocrx_word' id='word_1_3' title='bbox 1747 348 1916 403; x_wconf 78' lang='lat' dir='ltr'>vm</span> 
     </span>
    </p>

    <p class='ocr_par' dir='ltr' id='par_1_2' title="bbox 784 466 2844 1713">
     <span class='ocr_line' id='line_1_2' title="bbox 796 466 2844 573; baseline -0.001 -19"><span class='ocrx_word' id='word_1_4' title='bbox 796 486 881 554; x_wconf 94' lang='lat' dir='ltr'>de</span> <span class='ocrx_word' id='word_1_5' title='bbox 918 474 1375 573; x_wconf 78' lang='lat' dir='ltr'>ephemerides</span> <span class='ocrx_word' id='word_1_6' title='bbox 1419 468 1786 542; x_wconf 81' lang='lat' dir='ltr'>litterariae</span> <span class='ocrx_word' id='word_1_7' title='bbox 1826 469 1978 559; x_wconf 85' lang='lat'><strong>(1).</strong></span> <span class='ocrx_word' id='word_1_8' title='bbox 2037 468 2183 537; x_wconf 90' lang='lat' dir='ltr'>Hoc</span> <span class='ocrx_word' id='word_1_9' title='bbox 2237 466 2335 539; x_wconf 87' lang='lat' dir='ltr'>ita</span> <span class='ocrx_word' id='word_1_10' title='bbox 2391 472 2784 547; x_wconf 84' lang='lat' dir='ltr'>enunciatur</span> <span class='ocrx_word' id='word_1_11' title='bbox 2821 504 2844 551; x_wconf 77' lang='grc' dir='ltr'><em>τ</em></span> 
     </span>
     <span class='ocr_line' id='line_1_3' title="bbox 792 584 2840 687; baseline -0.004 -14"><span class='ocrx_word' id='word_1_12' title='bbox 792 606 905 675; x_wconf 82' lang='lat' dir='ltr'>De</span> <span class='ocrx_word' id='word_1_13' title='bbox 930 598 1211 687; x_wconf 77' lang='lat' dir='ltr'>antiqua</span> <span class='ocrx_word' id='word_1_14' title='bbox 1248 596 1319 663; x_wconf 83' lang='lat' dir='ltr'>in</span> <span class='ocrx_word' id='word_1_15' title='bbox 1358 588 1654 662; x_wconf 80' lang='lat' dir='ltr'>romanis</span> <span class='ocrx_word' id='word_1_16' title='bbox 1697 584 1946 659; x_wconf 79' lang='lat' dir='ltr'>scholis</span> <span class='ocrx_word' id='word_1_17' title='bbox 1982 586 2582 677; x_wconf 75' lang='lat' dir='ltr'>granunaticorum</span> <span class='ocrx_word' id='word_1_18' title='bbox 2625 593 2840 664; x_wconf 80' lang='lat' dir='ltr'>disci-</span> 
     </span>
     <span class='ocr_line' id='line_1_4' title="bbox 790 701 2840 808; baseline -0.003 -23"><span class='ocrx_word' id='word_1_19' title='bbox 790 714 983 808; x_wconf 82' lang='lat' dir='ltr'><em>plina</em></span> <span class='ocrx_word' id='word_1_20' title='bbox 1004 764 1025 797; x_wconf 95' lang='lat'>,</span> <span class='ocrx_word' id='word_1_21' title='bbox 1046 706 1460 781; x_wconf 79' lang='lat' dir='ltr'>Dissertatio</span> <span class='ocrx_word' id='word_1_22' title='bbox 1480 702 1740 773; x_wconf 76' lang='lat' dir='ltr'>ludicra</span> <span class='ocrx_word' id='word_1_23' title='bbox 1767 754 1784 769; x_wconf 89' lang='lat'><strong>.</strong></span> <span class='ocrx_word' id='word_1_24' title='bbox 1819 704 1916 770; x_wconf 86' lang='lat' dir='ltr'>Ea</span> <span class='ocrx_word' id='word_1_25' title='bbox 1956 701 2356 790; x_wconf 86' lang='lat' dir='ltr'>completam</span> <span class='ocrx_word' id='word_1_26' title='bbox 2397 706 2724 795; x_wconf 87' lang='lat' dir='ltr'>quandam</span> <span class='ocrx_word' id='word_1_27' title='bbox 2767 724 2840 777; x_wconf 83' lang='lat' dir='ltr'>et</span> 
     </span>
     <span class='ocr_line' id='line_1_5' title="bbox 793 817 2836 909; baseline -0.004 -8"><span class='ocrx_word' id='word_1_28' title='bbox 793 832 1165 901; x_wconf 84' lang='lat' dir='ltr'>absolutam</span> <span class='ocrx_word' id='word_1_29' title='bbox 1200 824 1551 895; x_wconf 85' lang='lat' dir='ltr'>historiam</span> <span class='ocrx_word' id='word_1_30' title='bbox 1591 820 1886 889; x_wconf 85' lang='lat' dir='ltr'>continet</span> <span class='ocrx_word' id='word_1_31' title='bbox 1920 817 2222 889; x_wconf 79' lang='lat' dir='ltr'>methodi</span> <span class='ocrx_word' id='word_1_32' title='bbox 2246 872 2269 906; x_wconf 97' lang='lat'>,</span> <span class='ocrx_word' id='word_1_33' title='bbox 2305 820 2598 909; x_wconf 77' lang='lat' dir='ltr'>ordinis,</span> <span class='ocrx_word' id='word_1_34' title='bbox 2637 825 2836 895; x_wconf 84' lang='lat' dir='ltr'>disci-</span> 
     </span>
     <span class='ocr_line' id='line_1_6' title="bbox 790 936 2832 1043; baseline -0.004 -24"><span class='ocrx_word' id='word_1_35' title='bbox 790 949 1019 1043; x_wconf 86' lang='lat' dir='ltr'>plinae</span> <span class='ocrx_word' id='word_1_36' title='bbox 1054 964 1195 1017; x_wconf 89' lang='lat' dir='ltr'>tum</span> <span class='ocrx_word' id='word_1_37' title='bbox 1232 942 1547 1025; x_wconf 84' lang='lat' dir='ltr'>intimae,</span> <span class='ocrx_word' id='word_1_38' title='bbox 1589 955 1730 1007; x_wconf 88' lang='lat' dir='ltr'>tum</span> <span class='ocrx_word' id='word_1_39' title='bbox 1767 953 2078 1007; x_wconf 82' lang='lat' dir='ltr'>externae</span> <span class='ocrx_word' id='word_1_40' title='bbox 2118 936 2188 1005; x_wconf 90' lang='lat' dir='ltr'>in</span> <span class='ocrx_word' id='word_1_41' title='bbox 2223 936 2468 1009; x_wconf 84' lang='lat' dir='ltr'>scholis</span> <span class='ocrx_word' id='word_1_42' title='bbox 2505 964 2832 1032; x_wconf 80' lang='lat' dir='ltr'>gramma-</span> 
     </span>
     <span class='ocr_line' id='line_1_7' title="bbox 792 1055 2832 1147; baseline -0.007 -11"><span class='ocrx_word' id='word_1_43' title='bbox 792 1068 1071 1136; x_wconf 84' lang='lat' dir='ltr'>ticorum</span> <span class='ocrx_word' id='word_1_44' title='bbox 1122 1079 1417 1131; x_wconf 85' lang='lat' dir='ltr'>veterum</span> <span class='ocrx_word' id='word_1_45' title='bbox 1454 1074 1816 1147; x_wconf 82' lang='lat' dir='ltr'>usurpatae</span> <span class='ocrx_word' id='word_1_46' title='bbox 1837 1110 1854 1125; x_wconf 88' lang='lat'><strong>.</strong></span> <span class='ocrx_word' id='word_1_47' title='bbox 1893 1055 2274 1146; x_wconf 86' lang='lat' dir='ltr'>Lipsienses</span> <span class='ocrx_word' id='word_1_48' title='bbox 2315 1058 2675 1127; x_wconf 85' lang='lat' dir='ltr'>academici</span> <span class='ocrx_word' id='word_1_49' title='bbox 2713 1085 2832 1129; x_wconf 77' lang='lat' dir='ltr'>ac..</span> 
     </span>
     <span class='ocr_line' id='line_1_8' title="bbox 792 1173 2824 1269; baseline -0.003 -15"><span class='ocrx_word' id='word_1_50' title='bbox 792 1201 1087 1254; x_wconf 84' lang='lat' dir='ltr'>curatam</span> <span class='ocrx_word' id='word_1_51' title='bbox 1125 1174 1467 1269; x_wconf 81' lang='lat' dir='ltr'>synopsim</span> <span class='ocrx_word' id='word_1_52' title='bbox 1514 1177 1836 1246; x_wconf 82' lang='lat' dir='ltr'>exhibent</span> <span class='ocrx_word' id='word_1_53' title='bbox 1873 1175 1982 1266; x_wconf 81' lang='lat'>(2)</span> <span class='ocrx_word' id='word_1_54' title='bbox 2037 1173 2234 1267; x_wconf 73' lang='lat' dir='ltr'>hujus</span> <span class='ocrx_word' id='word_1_55' title='bbox 2303 1174 2824 1264; x_wconf 84' lang='lat' dir='ltr'>dissertationis,</span> 
     </span>
     <span class='ocr_line' id='line_1_9' title="bbox 790 1284 2828 1388; baseline -0.007 -21"><span class='ocrx_word' id='word_1_56' title='bbox 790 1321 987 1388; x_wconf 88' lang='lat' dir='ltr'>quam</span> <span class='ocrx_word' id='word_1_57' title='bbox 1030 1312 1251 1365; x_wconf 84' lang='lat' dir='ltr'>auctor</span> <span class='ocrx_word' id='word_1_58' title='bbox 1290 1291 1617 1383; x_wconf 86' lang='lat' dir='ltr'>adspersit</span> <span class='ocrx_word' id='word_1_59' title='bbox 1653 1290 1862 1359; x_wconf 88' lang='lat' dir='ltr'>multo</span> <span class='ocrx_word' id='word_1_60' title='bbox 1885 1284 2046 1357; x_wconf 79' lang='lat' dir='ltr'>&#39;sale</span> <span class='ocrx_word' id='word_1_61' title='bbox 2070 1339 2086 1356; x_wconf 90' lang='lat'><strong>.</strong></span> <span class='ocrx_word' id='word_1_62' title='bbox 2123 1288 2377 1359; x_wconf 88' lang='lat' dir='ltr'>Eadem</span> <span class='ocrx_word' id='word_1_63' title='bbox 2425 1313 2668 1360; x_wconf 84' lang='lat' dir='ltr'>nomen</span> <span class='ocrx_word' id='word_1_64' title='bbox 2695 1293 2828 1361; x_wconf 88' lang='lat' dir='ltr'>An..</span> 
     </span>
     <span class='ocr_line' id='line_1_10' title="bbox 794 1405 2828 1501; baseline -0.002 -18"><span class='ocrx_word' id='word_1_65' title='bbox 794 1415 959 1483; x_wconf 86' lang='lat' dir='ltr'>tonii</span> <span class='ocrx_word' id='word_1_66' title='bbox 992 1415 1239 1483; x_wconf 85' lang='lat' dir='ltr'>Vairae</span> <span class='ocrx_word' id='word_1_67' title='bbox 1278 1409 1574 1501; x_wconf 88' lang='lat' dir='ltr'>episcopi</span> <span class='ocrx_word' id='word_1_68' title='bbox 1617 1406 1938 1479; x_wconf 83' lang='lat' dir='ltr'>adriensis</span> <span class='ocrx_word' id='word_1_69' title='bbox 1975 1422 2266 1477; x_wconf 86' lang='lat' dir='ltr'>ostentat</span> <span class='ocrx_word' id='word_1_70' title='bbox 2303 1406 2374 1475; x_wconf 89' lang='lat' dir='ltr'>in</span> <span class='ocrx_word' id='word_1_71' title='bbox 2433 1405 2674 1477; x_wconf 84' lang='lat' dir='ltr'>fronte.</span> <span class='ocrx_word' id='word_1_72' title='bbox 2713 1408 2828 1481; x_wconf 84' lang='lat' dir='ltr'>Sic</span> 
     </span>
     <span class='ocr_line' id='line_1_11' title="bbox 788 1520 2820 1612; baseline -0.001 -14"><span class='ocrx_word' id='word_1_73' title='bbox 788 1525 1057 1599; x_wconf 83' lang='lat' dir='ltr'>dissitas</span> <span class='ocrx_word' id='word_1_74' title='bbox 1112 1527 1317 1596; x_wconf 86' lang='lat' dir='ltr'>etiam</span> <span class='ocrx_word' id='word_1_75' title='bbox 1374 1523 1569 1593; x_wconf 90' lang='lat' dir='ltr'>urbes</span> <span class='ocrx_word' id='word_1_76' title='bbox 1609 1524 1848 1593; x_wconf 83' lang='lat' dir='ltr'>Olivae</span> <span class='ocrx_word' id='word_1_77' title='bbox 1887 1520 2066 1591; x_wconf 85' lang='lat' dir='ltr'>sama</span> <span class='ocrx_word' id='word_1_78' title='bbox 2104 1520 2398 1612; x_wconf 82' lang='lat' dir='ltr'>pervasit</span> <span class='ocrx_word' id='word_1_79' title='bbox 2420 1574 2442 1609; x_wconf 95' lang='lat'>,</span> <span class='ocrx_word' id='word_1_80' title='bbox 2481 1546 2652 1592; x_wconf 82' lang='lat' dir='ltr'>novo</span> <span class='ocrx_word' id='word_1_81' title='bbox 2691 1524 2820 1595; x_wconf 73' lang='lat' dir='ltr'>hoe</span> 
     </span>
     <span class='ocr_line' id='line_1_12' title="bbox 784 1634 1670 1713; baseline -0.009 0"><span class='ocrx_word' id='word_1_82' title='bbox 784 1641 1149 1713; x_wconf 86' lang='lat' dir='ltr'>tentamine</span> <span class='ocrx_word' id='word_1_83' title='bbox 1184 1639 1419 1709; x_wconf 72' lang='lat' dir='ltr'>clarior</span> <span class='ocrx_word' id='word_1_84' title='bbox 1454 1634 1626 1707; x_wconf 85' lang='lat' dir='ltr'>facta</span> <span class='ocrx_word' id='word_1_85' title='bbox 1651 1686 1670 1705; x_wconf 87' lang='lat'><strong>.</strong></span> 
     </span>
    </p>

    <p class='ocr_par' dir='ltr' id='par_1_3' title="bbox 766 1732 2812 3232">
     <span class='ocr_line' id='line_1_13' title="bbox 874 1732 2810 1829; baseline -0.002 0"><span class='ocrx_word' id='word_1_86' title='bbox 874 1760 999 1829; x_wconf 89' lang='lat' dir='ltr'>Ille</span> <span class='ocrx_word' id='word_1_87' title='bbox 1047 1758 1317 1826; x_wconf 88' lang='lat' dir='ltr'>interim</span> <span class='ocrx_word' id='word_1_88' title='bbox 1354 1732 1674 1825; x_wconf 84' lang='lat' dir='ltr'>invitatur</span> <span class='ocrx_word' id='word_1_89' title='bbox 1711 1752 1794 1823; x_wconf 87' lang='lat' dir='ltr'>ad</span> <span class='ocrx_word' id='word_1_90' title='bbox 1859 1752 2160 1825; x_wconf 85' lang='lat' dir='ltr'>omnium</span> <span class='ocrx_word' id='word_1_91' title='bbox 2195 1751 2517 1825; x_wconf 84' lang='lat' dir='ltr'>honarum</span> <span class='ocrx_word' id='word_1_92' title='bbox 2571 1755 2810 1825; x_wconf 86' lang='lat' dir='ltr'>artium</span> 
     </span>
     <span class='ocr_line' id='line_1_14' title="bbox 781 1858 2810 1965; baseline 0 -24"><span class='ocrx_word' id='word_1_93' title='bbox 781 1889 1123 1965; x_wconf 79' lang='lat' dir='ltr'>parentem</span> <span class='ocrx_word' id='word_1_94' title='bbox 1162 1874 1443 1939; x_wconf 86' lang='lat' dir='ltr'>Romam</span> <span class='ocrx_word' id='word_1_95' title='bbox 1477 1921 1492 1936; x_wconf 91' lang='lat'>.</span> <span class='ocrx_word' id='word_1_96' title='bbox 1542 1860 1666 1937; x_wconf 66' lang='lat' dir='ltr'>⁴Ne</span> <span class='ocrx_word' id='word_1_97' title='bbox 1705 1890 1828 1935; x_wconf 88' lang='lat' dir='ltr'>nos</span> <span class='ocrx_word' id='word_1_98' title='bbox 1875 1858 2100 1957; x_wconf 78' lang='lat' dir='ltr'>pigeat</span> <span class='ocrx_word' id='word_1_99' title='bbox 2145 1883 2414 1937; x_wconf 89' lang='lat' dir='ltr'>euntem</span> <span class='ocrx_word' id='word_1_100' title='bbox 2465 1868 2764 1960; x_wconf 83' lang='lat' dir='ltr'>prosequi</span> <span class='ocrx_word' id='word_1_101' title='bbox 2789 1921 2810 1941; x_wconf 88' lang='grc'><strong>.</strong></span> 
     </span>
     <span class='ocr_line' id='line_1_15' title="bbox 780 1983 2810 2083; baseline -0.002 -21"><span class='ocrx_word' id='word_1_102' title='bbox 780 1994 989 2062; x_wconf 87' lang='lat' dir='ltr'>Roma</span> <span class='ocrx_word' id='word_1_103' title='bbox 1030 1988 1240 2083; x_wconf 82' lang='lat' dir='ltr'>majus</span> <span class='ocrx_word' id='word_1_104' title='bbox 1278 1987 1379 2056; x_wconf 88' lang='lat' dir='ltr'>illi</span> <span class='ocrx_word' id='word_1_105' title='bbox 1444 1986 1774 2055; x_wconf 80' lang='lat' dir='ltr'>theatrum</span> <span class='ocrx_word' id='word_1_106' title='bbox 1829 1986 2082 2075; x_wconf 85' lang='lat' dir='ltr'>aperit,</span> <span class='ocrx_word' id='word_1_107' title='bbox 2121 1983 2192 2055; x_wconf 91' lang='lat' dir='ltr'>in</span> <span class='ocrx_word' id='word_1_108' title='bbox 2249 2010 2376 2077; x_wconf 86' lang='lat' dir='ltr'>quo</span> <span class='ocrx_word' id='word_1_109' title='bbox 2429 2002 2810 2074; x_wconf 81' lang='lat' dir='ltr'>spectetur..</span> 
     </span>
     <span class='ocr_line' id='line_1_16' title="bbox 780 2097 2804 2191; baseline -0.002 -18"><span class='ocrx_word' id='word_1_110' title='bbox 780 2102 887 2173; x_wconf 86' lang='lat' dir='ltr'>Ibi</span> <span class='ocrx_word' id='word_1_111' title='bbox 922 2102 1196 2191; x_wconf 87' lang='lat' dir='ltr'>Josephi</span> <span class='ocrx_word' id='word_1_112' title='bbox 1236 2100 1499 2169; x_wconf 87' lang='lat' dir='ltr'>Mariae</span> <span class='ocrx_word' id='word_1_113' title='bbox 1536 2102 1798 2171; x_wconf 89' lang='lat' dir='ltr'>Feronii</span> <span class='ocrx_word' id='word_1_114' title='bbox 1831 2101 2234 2171; x_wconf 82' lang='lat' dir='ltr'>ornatissimi</span> <span class='ocrx_word' id='word_1_115' title='bbox 2271 2117 2338 2169; x_wconf 87' lang='lat' dir='ltr'>et</span> <span class='ocrx_word' id='word_1_116' title='bbox 2373 2097 2804 2169; x_wconf 82' lang='lat' dir='ltr'>eruditissimi</span> 
     </span>
     <span class='ocr_line' id='line_1_17' title="bbox 776 2218 2810 2310; baseline 0 -23"><span class='ocrx_word' id='word_1_117' title='bbox 776 2220 1097 2310; x_wconf 80' lang='lat' dir='ltr'>praesulis</span> <span class='ocrx_word' id='word_1_118' title='bbox 1153 2236 1467 2309; x_wconf 86' lang='lat' dir='ltr'>exceptus</span> <span class='ocrx_word' id='word_1_119' title='bbox 1532 2218 1732 2289; x_wconf 86' lang='lat' dir='ltr'>domo</span> <span class='ocrx_word' id='word_1_120' title='bbox 1775 2221 2210 2290; x_wconf 87' lang='lat' dir='ltr'>litteratorum</span> <span class='ocrx_word' id='word_1_121' title='bbox 2251 2219 2532 2287; x_wconf 80' lang='lat' dir='ltr'>virorum</span> <span class='ocrx_word' id='word_1_122' title='bbox 2583 2218 2810 2308; x_wconf 84' lang='lat' dir='ltr'>coepit</span> 
     </span>
     <span class='ocr_line' id='line_1_18' title="bbox 778 2331 2808 2423; baseline 0 -22"><span class='ocrx_word' id='word_1_123' title='bbox 778 2332 1247 2401; x_wconf 83' lang='lat' dir='ltr'>consuetudine</span> <span class='ocrx_word' id='word_1_124' title='bbox 1302 2331 1425 2401; x_wconf 84' lang='lat' dir='ltr'>frui</span> <span class='ocrx_word' id='word_1_125' title='bbox 1457 2386 1477 2419; x_wconf 93' lang='lat'>,</span> <span class='ocrx_word' id='word_1_126' title='bbox 1532 2334 1600 2403; x_wconf 90' lang='lat' dir='ltr'>in</span> <span class='ocrx_word' id='word_1_127' title='bbox 1641 2334 1875 2423; x_wconf 87' lang='lat' dir='ltr'>primis</span> <span class='ocrx_word' id='word_1_128' title='bbox 1911 2334 2184 2405; x_wconf 88' lang='lat' dir='ltr'>Joannis</span> <span class='ocrx_word' id='word_1_129' title='bbox 2221 2332 2484 2403; x_wconf 85' lang='lat' dir='ltr'>Mariae</span> <span class='ocrx_word' id='word_1_130' title='bbox 2517 2332 2808 2403; x_wconf 87' lang='lat' dir='ltr'>Lancisii</span> 
     </span>
     <span class='ocr_line' id='line_1_19' title="bbox 778 2444 2806 2540; baseline 0 -24"><span class='ocrx_word' id='word_1_131' title='bbox 778 2444 1145 2517; x_wconf 87' lang='lat' dir='ltr'>Clementis</span> <span class='ocrx_word' id='word_1_132' title='bbox 1184 2450 1287 2518; x_wconf 91' lang='lat' dir='ltr'>XI</span> <span class='ocrx_word' id='word_1_133' title='bbox 1334 2447 1718 2535; x_wconf 81' lang='lat' dir='ltr'>Archiatri,</span> <span class='ocrx_word' id='word_1_134' title='bbox 1765 2472 1963 2540; x_wconf 84' lang='lat' dir='ltr'>quem</span> <span class='ocrx_word' id='word_1_135' title='bbox 2019 2447 2161 2540; x_wconf 89' lang='lat' dir='ltr'>ipse</span> <span class='ocrx_word' id='word_1_136' title='bbox 2200 2447 2464 2519; x_wconf 87' lang='lat' dir='ltr'>tertium</span> <span class='ocrx_word' id='word_1_137' title='bbox 2503 2446 2588 2519; x_wconf 85' lang='lat' dir='ltr'>ab</span> <span class='ocrx_word' id='word_1_138' title='bbox 2635 2446 2806 2538; x_wconf 87' lang='lat' dir='ltr'>Hip-</span> 
     </span>
     <span class='ocr_line' id='line_1_20' title="bbox 776 2562 2812 2652; baseline 0 -21"><span class='ocrx_word' id='word_1_139' title='bbox 776 2580 1041 2652; x_wconf 82' lang='lat' dir='ltr'>pocrate</span> <span class='ocrx_word' id='word_1_140' title='bbox 1098 2580 1168 2633; x_wconf 90' lang='lat' dir='ltr'>et</span> <span class='ocrx_word' id='word_1_141' title='bbox 1222 2564 1479 2632; x_wconf 89' lang='lat' dir='ltr'>Galeno</span> <span class='ocrx_word' id='word_1_142' title='bbox 1527 2563 1688 2634; x_wconf 85' lang='lat' dir='ltr'>artis</span> <span class='ocrx_word' id='word_1_143' title='bbox 1743 2563 2044 2632; x_wconf 87' lang='lat' dir='ltr'>medicae</span> <span class='ocrx_word' id='word_1_144' title='bbox 2093 2563 2316 2632; x_wconf 89' lang='lat' dir='ltr'>lumen</span> <span class='ocrx_word' id='word_1_145' title='bbox 2371 2579 2560 2632; x_wconf 83' lang='lat' dir='ltr'>vocat</span> <span class='ocrx_word' id='word_1_146' title='bbox 2613 2562 2812 2633; x_wconf 81' lang='lat' dir='ltr'>totius</span> 
     </span>
     <span class='ocr_line' id='line_1_21' title="bbox 775 2675 2804 2768; baseline 0 -22"><span class='ocrx_word' id='word_1_147' title='bbox 775 2677 1075 2768; x_wconf 81' lang='lat' dir='ltr'>Europae</span> <span class='ocrx_word' id='word_1_148' title='bbox 1112 2675 1555 2747; x_wconf 85' lang='lat' dir='ltr'>clarissimum</span> <span class='ocrx_word' id='word_1_149' title='bbox 1609 2676 1752 2768; x_wconf 82' lang='lat'><strong>(3).</strong></span> <span class='ocrx_word' id='word_1_150' title='bbox 1819 2676 1949 2746; x_wconf 88' lang='lat' dir='ltr'>Hic</span> <span class='ocrx_word' id='word_1_151' title='bbox 2002 2675 2192 2746; x_wconf 83' lang='lat' dir='ltr'>illum</span> <span class='ocrx_word' id='word_1_152' title='bbox 2231 2676 2506 2746; x_wconf 85' lang='lat' dir='ltr'>deduxit</span> <span class='ocrx_word' id='word_1_153' title='bbox 2561 2699 2804 2746; x_wconf 82' lang='lat' dir='ltr'>novum</span> 
     </span>
     <span class='ocr_line' id='line_1_22' title="bbox 774 2792 2806 2888; baseline 0.001 -26"><span class='ocrx_word' id='word_1_154' title='bbox 774 2792 1114 2864; x_wconf 86' lang='lat' dir='ltr'>hominem</span> <span class='ocrx_word' id='word_1_155' title='bbox 1153 2794 1235 2862; x_wconf 89' lang='lat' dir='ltr'>ad</span> <span class='ocrx_word' id='word_1_156' title='bbox 1270 2794 1650 2862; x_wconf 82' lang='lat' dir='ltr'>Pontificem</span> <span class='ocrx_word' id='word_1_157' title='bbox 1677 2845 1698 2876; x_wconf 95' lang='lat'>,</span> <span class='ocrx_word' id='word_1_158' title='bbox 1731 2817 1860 2886; x_wconf 87' lang='lat' dir='ltr'>quo</span> <span class='ocrx_word' id='word_1_159' title='bbox 1901 2812 2243 2886; x_wconf 84' lang='lat' dir='ltr'>regnante,</span> <span class='ocrx_word' id='word_1_160' title='bbox 2273 2795 2460 2864; x_wconf 90' lang='lat' dir='ltr'>collis</span> <span class='ocrx_word' id='word_1_161' title='bbox 2511 2795 2806 2888; x_wconf 84' lang='lat' dir='ltr'>quirina-</span> 
     </span>
     <span class='ocr_line' id='line_1_23' title="bbox 774 2905 2802 2993; baseline 0.001 -17"><span class='ocrx_word' id='word_1_162' title='bbox 774 2905 861 2976; x_wconf 81' lang='lat' dir='ltr'>lis</span> <span class='ocrx_word' id='word_1_163' title='bbox 900 2921 1195 2974; x_wconf 83' lang='lat' dir='ltr'>evaserat</span> <span class='ocrx_word' id='word_1_164' title='bbox 1232 2927 1350 2973; x_wconf 85' lang='lat' dir='ltr'>arx</span> <span class='ocrx_word' id='word_1_165' title='bbox 1409 2905 1776 2993; x_wconf 79' lang='lat' dir='ltr'>sapientiae</span> <span class='ocrx_word' id='word_1_166' title='bbox 1803 2959 1818 2976; x_wconf 90' lang='lat'><strong><em>.</em></strong></span> <span class='ocrx_word' id='word_1_167' title='bbox 1859 2910 2047 2980; x_wconf 90' lang='lat' dir='ltr'>Tunc</span> <span class='ocrx_word' id='word_1_168' title='bbox 2088 2909 2278 2979; x_wconf 88' lang='lat' dir='ltr'>illum</span> <span class='ocrx_word' id='word_1_169' title='bbox 2332 2908 2642 2980; x_wconf 82' lang='lat' dir='ltr'>Pontifex</span> <span class='ocrx_word' id='word_1_170' title='bbox 2685 2933 2802 2978; x_wconf 88' lang='lat' dir='ltr'>ex·-</span> 
     </span>
     <span class='ocr_line' id='line_1_24' title="bbox 772 3018 2806 3118; baseline 0.004 -30"><span class='ocrx_word' id='word_1_171' title='bbox 772 3020 1019 3111; x_wconf 86' lang='lat' dir='ltr'>plicata</span> <span class='ocrx_word' id='word_1_172' title='bbox 1056 3018 1266 3088; x_wconf 86' lang='lat' dir='ltr'>fronte</span> <span class='ocrx_word' id='word_1_173' title='bbox 1302 3019 1577 3109; x_wconf 87' lang='lat' dir='ltr'>intueri,</span> <span class='ocrx_word' id='word_1_174' title='bbox 1613 3025 1950 3115; x_wconf 85' lang='lat' dir='ltr'>appellare</span> <span class='ocrx_word' id='word_1_175' title='bbox 1987 3027 2498 3112; x_wconf 86' lang='lat' dir='ltr'>humanissime,</span> <span class='ocrx_word' id='word_1_176' title='bbox 2536 3050 2806 3118; x_wconf 84' lang='lat' dir='ltr'>percun-</span> 
     </span>
     <span class='ocr_line' id='line_1_25' title="bbox 766 3132 2798 3232; baseline 0.004 -28"><span class='ocrx_word' id='word_1_177' title='bbox 766 3132 933 3204; x_wconf 87' lang='lat' dir='ltr'>ctari</span> <span class='ocrx_word' id='word_1_178' title='bbox 973 3135 1057 3204; x_wconf 85' lang='lat' dir='ltr'>de</span> <span class='ocrx_word' id='word_1_179' title='bbox 1094 3133 1287 3204; x_wconf 87' lang='lat' dir='ltr'>rebus</span> <span class='ocrx_word' id='word_1_180' title='bbox 1328 3136 1557 3222; x_wconf 86' lang='lat' dir='ltr'>variis,</span> <span class='ocrx_word' id='word_1_181' title='bbox 1597 3138 1844 3208; x_wconf 85' lang='lat' dir='ltr'>hortari</span> <span class='ocrx_word' id='word_1_182' title='bbox 1883 3139 1970 3210; x_wconf 90' lang='lat' dir='ltr'>ad</span> <span class='ocrx_word' id='word_1_183' title='bbox 2007 3140 2226 3211; x_wconf 86' lang='lat' dir='ltr'>studia</span> <span class='ocrx_word' id='word_1_184' title='bbox 2282 3141 2623 3232; x_wconf 87' lang='lat' dir='ltr'>impense.</span> <span class='ocrx_word' id='word_1_185' title='bbox 2663 3141 2798 3220; x_wconf 76' lang='lat' dir='ltr'>Sua</span> 
     </span>
    </p>
   </div>
   <div class='ocr_carea' id='block_1_2' title="bbox 1350 3305 2116 3350">
    <p class='ocr_par' dir='ltr' id='par_1_4' title="bbox 1350 3305 2116 3350">
     <span class='ocr_line' id='line_1_26' title="bbox 1350 3305 2116 3350; baseline 0.007 -20"><span class='ocrx_word' id='word_1_186' title='bbox 1350 3341 1359 3350; x_wconf 86' lang='lat'><strong><em>.</em></strong></span> <span class='ocrx_word' id='word_1_187' title='bbox 1450 3305 2116 3336; x_wconf 52' lang='lat' dir='ltr'>mmmm</span> 
     </span>
    </p>
   </div>
   <div class='ocr_carea' id='block_1_3' title="bbox 758 3442 2794 3849">
    <p class='ocr_par' dir='ltr' id='par_1_5' title="bbox 768 3442 2792 3632">
     <span class='ocr_line' id='line_1_27' title="bbox 850 3442 2792 3522; baseline 0.006 -20"><span class='ocrx_word' id='word_1_188' title='bbox 850 3444 948 3522; x_wconf 85' lang='lat'>(1)</span> <span class='ocrx_word' id='word_1_189' title='bbox 994 3442 1271 3506; x_wconf 85' lang='lat' dir='ltr'>Giornale</span> <span class='ocrx_word' id='word_1_190' title='bbox 1314 3443 1409 3506; x_wconf 79' lang='lat' dir='ltr'>dei</span> <span class='ocrx_word' id='word_1_191' title='bbox 1448 3446 1698 3509; x_wconf 76' lang='lat' dir='ltr'>letter-ati</span> <span class='ocrx_word' id='word_1_192' title='bbox 1747 3445 1803 3508; x_wconf 82' lang='lat' dir='ltr'>d’</span> <span class='ocrx_word' id='word_1_193' title='bbox 1818 3449 1988 3511; x_wconf 85' lang='lat' dir='ltr'>Italia</span> <span class='ocrx_word' id='word_1_194' title='bbox 2029 3449 2205 3511; x_wconf 84' lang='lat' dir='ltr'>Tom.</span> <span class='ocrx_word' id='word_1_195' title='bbox 2265 3447 2497 3511; x_wconf 78' lang='lat' dir='ltr'><strong>XXXI</strong></span> <span class='ocrx_word' id='word_1_196' title='bbox 2539 3459 2646 3510; x_wconf 80' lang='lat' dir='ltr'>art.</span> <span class='ocrx_word' id='word_1_197' title='bbox 2696 3449 2792 3514; x_wconf 74' lang='lat'>13.</span> 
     </span>
     <span class='ocr_line' id='line_1_28' title="bbox 768 3551 2098 3632; baseline 0.005 -24"><span class='ocrx_word' id='word_1_198' title='bbox 768 3567 897 3632; x_wconf 82' lang='lat' dir='ltr'>pag.</span> <span class='ocrx_word' id='word_1_199' title='bbox 945 3551 1081 3625; x_wconf 75' lang='lat'>463.</span> <span class='ocrx_word' id='word_1_200' title='bbox 2095 3625 2098 3628; x_wconf 14' lang='lat'><strong>⁴</strong></span> 
     </span>
    </p>

    <p class='ocr_par' dir='ltr' id='par_1_6' title="bbox 758 3657 2794 3849">
     <span class='ocr_line' id='line_1_29' title="bbox 847 3657 2794 3744; baseline 0.003 -30"><span class='ocrx_word' id='word_1_201' title='bbox 847 3657 944 3734; x_wconf 86' lang='lat'>(2)</span> <span class='ocrx_word' id='word_1_202' title='bbox 988 3660 1053 3716; x_wconf 88' lang='lat' dir='ltr'>In</span> <span class='ocrx_word' id='word_1_203' title='bbox 1096 3660 1369 3742; x_wconf 86' lang='lat' dir='ltr'>supplem.</span> <span class='ocrx_word' id='word_1_204' title='bbox 1414 3661 1490 3722; x_wconf 84' lang='lat' dir='ltr'>ad</span> <span class='ocrx_word' id='word_1_205' title='bbox 1530 3665 1680 3724; x_wconf 79' lang='lat' dir='ltr'>Acta</span> <span class='ocrx_word' id='word_1_206' title='bbox 1706 3661 1977 3724; x_wconf 81' lang='lat' dir='ltr'>eruditor.</span> <span class='ocrx_word' id='word_1_207' title='bbox 2007 3662 2143 3744; x_wconf 84' lang='lat' dir='ltr'>lips.</span> <span class='ocrx_word' id='word_1_208' title='bbox 2183 3683 2316 3722; x_wconf 84' lang='lat' dir='ltr'>ann.</span> <span class='ocrx_word' id='word_1_209' title='bbox 2365 3683 2510 3744; x_wconf 74' lang='lat'>¹72¹</span> <span class='ocrx_word' id='word_1_210' title='bbox 2551 3659 2637 3722; x_wconf 87' lang='lat' dir='ltr'>T.</span> <span class='ocrx_word' id='word_1_211' title='bbox 2665 3657 2794 3723; x_wconf 81' lang='lat' dir='ltr'>Vll</span> 
     </span>
     <span class='ocr_line' id='line_1_30' title="bbox 758 3763 2790 3849; baseline 0.004 -31"><span class='ocrx_word' id='word_1_212' title='bbox 758 3781 887 3843; x_wconf 78' lang='lat' dir='ltr'>pag.</span> <span class='ocrx_word' id='word_1_213' title='bbox 912 3763 1043 3826; x_wconf 84' lang='lat'><strong>518.</strong></span> <span class='ocrx_word' id='word_1_214' title='bbox 1066 3768 1159 3826; x_wconf 77' lang='lat' dir='ltr'>De</span> <span class='ocrx_word' id='word_1_215' title='bbox 1203 3769 1397 3828; x_wconf 86' lang='lat' dir='ltr'>eadem</span> <span class='ocrx_word' id='word_1_216' title='bbox 1440 3771 1858 3830; x_wconf 80' lang='lat' dir='ltr'>Dissertatione</span> <span class='ocrx_word' id='word_1_217' title='bbox 1897 3770 2241 3828; x_wconf 82' lang='lat' dir='ltr'>mentionem</span> <span class='ocrx_word' id='word_1_218' title='bbox 2280 3769 2421 3829; x_wconf 81' lang='lat' dir='ltr'>facit</span> <span class='ocrx_word' id='word_1_219' title='bbox 2451 3767 2790 3849; x_wconf 60' lang='lat' dir='ltr'>Hieronym-</span> 
     </span>
    </p>
   </div>
   <div class='ocr_carea' id='block_1_4' title="bbox 761 3867 2800 4056">
    <p class='ocr_par' dir='ltr' id='par_1_7' title="bbox 761 3867 2800 4056">
     <span class='ocr_line' id='line_1_31' title="bbox 761 3867 2800 3940; baseline 0.002 -12"><span class='ocrx_word' id='word_1_220' title='bbox 761 3867 1106 3931; x_wconf 79' lang='lat' dir='ltr'>Tirabosch.</span> <span class='ocrx_word' id='word_1_221' title='bbox 1146 3873 1335 3934; x_wconf 87' lang='lat' dir='ltr'>Storia</span> <span class='ocrx_word' id='word_1_222' title='bbox 1376 3873 1525 3932; x_wconf 86' lang='lat' dir='ltr'>della</span> <span class='ocrx_word' id='word_1_223' title='bbox 1567 3875 1890 3934; x_wconf 70' lang='lat' dir='ltr'>letter-stura</span> <span class='ocrx_word' id='word_1_224' title='bbox 1945 3874 2182 3934; x_wconf 78' lang='lat' dir='ltr'>italiana</span> <span class='ocrx_word' id='word_1_225' title='bbox 2225 3873 2291 3934; x_wconf 88' lang='grc' dir='ltr'>Ρ.</span> <span class='ocrx_word' id='word_1_226' title='bbox 2333 3874 2420 3934; x_wconf 87' lang='lat' dir='ltr'>III</span> <span class='ocrx_word' id='word_1_227' title='bbox 2459 3873 2504 3934; x_wconf 87' lang='grc' dir='ltr'>Ι.</span> <span class='ocrx_word' id='word_1_228' title='bbox 2541 3871 2602 3934; x_wconf 75' lang='lat'>3.</span> <span class='ocrx_word' id='word_1_229' title='bbox 2641 3891 2697 3933; x_wconf 76' lang='lat' dir='ltr'>e.</span> <span class='ocrx_word' id='word_1_230' title='bbox 2741 3893 2800 3940; x_wconf 76' lang='grc' dir='ltr'>ι.</span> 
     </span>
     <span class='ocr_line' id='line_1_32' title="bbox 839 3971 2226 4056; baseline 0.007 -23"><span class='ocrx_word' id='word_1_231' title='bbox 839 3971 940 4056; x_wconf 68' lang='grc'>(5)</span> <span class='ocrx_word' id='word_1_232' title='bbox 978 3975 1049 4036; x_wconf 83' lang='lat' dir='ltr'>In</span> <span class='ocrx_word' id='word_1_233' title='bbox 1082 3973 1345 4056; x_wconf 82' lang='lat' dir='ltr'>Epistola</span> <span class='ocrx_word' id='word_1_234' title='bbox 1382 3973 1461 4038; x_wconf 80' lang='lat' dir='ltr'>ad</span> <span class='ocrx_word' id='word_1_235' title='bbox 1497 3977 1568 4040; x_wconf 86' lang='lat' dir='ltr'>F.</span> <span class='ocrx_word' id='word_1_236' title='bbox 1604 3975 1926 4042; x_wconf 75' lang='lat' dir='ltr'>Antonium</span> <span class='ocrx_word' id='word_1_237' title='bbox 1963 3974 2180 4040; x_wconf 81' lang='lat' dir='ltr'>Cloche</span> <span class='ocrx_word' id='word_1_238' title='bbox 2202 4018 2226 4044; x_wconf 56' lang='lat'><em>2</em></span> 
     </span>
    </p>
   </div>
  </div>
 </body>
</html>
