<?xml version="1.0" encoding="UTF-8"?>
<!DOCTYPE html PUBLIC "-//W3C//DTD XHTML 1.0 Transitional//EN"
    "http://www.w3.org/TR/xhtml1/DTD/xhtml1-transitional.dtd">
<html xmlns="http://www.w3.org/1999/xhtml" xml:lang="en" lang="en">
 <head>
  <title>
</title>
<meta http-equiv="Content-Type" content="text/html;charset=utf-8" />
  <meta name='ocr-system' content='tesseract 3.04.00' />
  <meta name='ocr-capabilities' content='ocr_page ocr_carea ocr_par ocr_line ocrx_word'/>
</head>
<body>
  <div class='ocr_page' id='page_1' title='image "./vitaevirorumill01melagoog_0256.png"; bbox 0 0 3125 4975; ppageno 0'>
   <div class='ocr_carea' id='block_1_1' title="bbox 1054 314 2396 423">
    <p class='ocr_par' dir='ltr' id='par_1_1' title="bbox 1054 314 2396 423">
     <span class='ocr_line' id='line_1_1' title="bbox 1054 314 2396 423; baseline -0.004 -36"><span class='ocrx_word' id='word_1_1' title='bbox 1054 338 1332 389; x_wconf 59' lang='lat' dir='ltr'>sessum</span> <span class='ocrx_word' id='word_1_2' title='bbox 1368 332 1667 415; x_wconf 62' lang='lat' dir='ltr'>mmm!</span> <span class='ocrx_word' id='word_1_3' title='bbox 2163 314 2176 321; x_wconf 86' lang='grc'><strong>“</strong></span> <span class='ocrx_word' id='word_1_4' title='bbox 2257 339 2396 423; x_wconf 70' lang='lat'>²⁰9</span> 
     </span>
    </p>
   </div>
   <div class='ocr_carea' id='block_1_2' title="bbox 362 447 2426 3572">
    <p class='ocr_par' dir='ltr' id='par_1_2' title="bbox 370 447 2426 1703">
     <span class='ocr_line' id='line_1_2' title="bbox 455 447 2390 554; baseline -0.003 -20"><span class='ocrx_word' id='word_1_5' title='bbox 455 462 653 535; x_wconf 79' lang='lat' dir='ltr'>Idem</span> <span class='ocrx_word' id='word_1_6' title='bbox 690 447 913 554; x_wconf 74' lang='lat' dir='ltr'>jussus</span> <span class='ocrx_word' id='word_1_7' title='bbox 946 454 1035 527; x_wconf 68' lang='lat' dir='ltr'>ab</span> <span class='ocrx_word' id='word_1_8' title='bbox 1070 456 1481 551; x_wconf 73' lang='lat' dir='ltr'>eminentiss.</span> <span class='ocrx_word' id='word_1_9' title='bbox 1520 453 1758 525; x_wconf 73' lang='lat' dir='ltr'>Cat-olo</span> <span class='ocrx_word' id='word_1_10' title='bbox 1793 453 1990 525; x_wconf 81' lang='lat' dir='ltr'>Card.</span> <span class='ocrx_word' id='word_1_11' title='bbox 2027 454 2390 529; x_wconf 82' lang='lat' dir='ltr'>Rezzonico</span> 
     </span>
     <span class='ocr_line' id='line_1_3' title="bbox 372 571 2390 673; baseline -0.003 -20"><span class='ocrx_word' id='word_1_12' title='bbox 372 600 531 653; x_wconf 83' lang='lat' dir='ltr'>tunc</span> <span class='ocrx_word' id='word_1_13' title='bbox 564 581 883 673; x_wconf 78' lang='lat' dir='ltr'>episcopo</span> <span class='ocrx_word' id='word_1_14' title='bbox 924 578 1276 669; x_wconf 77' lang='lat' dir='ltr'>patavino,</span> <span class='ocrx_word' id='word_1_15' title='bbox 1312 572 1588 645; x_wconf 76' lang='lat' dir='ltr'>Antonii</span> <span class='ocrx_word' id='word_1_16' title='bbox 1627 571 1904 644; x_wconf 81' lang='lat' dir='ltr'>Saudini</span> <span class='ocrx_word' id='word_1_17' title='bbox 1929 624 1949 657; x_wconf 89' lang='lat'><strong>,</strong></span> <span class='ocrx_word' id='word_1_18' title='bbox 1987 572 2068 643; x_wconf 91' lang='lat' dir='ltr'>de</span> <span class='ocrx_word' id='word_1_19' title='bbox 2113 574 2390 647; x_wconf 83' lang='lat' dir='ltr'>historia</span> 
     </span>
     <span class='ocr_line' id='line_1_4' title="bbox 374 686 2406 790; baseline -0.008 -17"><span class='ocrx_word' id='word_1_20' title='bbox 374 701 827 773; x_wconf 82' lang='lat' dir='ltr'>ecclesiastiea</span> <span class='ocrx_word' id='word_1_21' title='bbox 866 689 1125 790; x_wconf 63' lang='lat' dir='ltr'>egregie</span> <span class='ocrx_word' id='word_1_22' title='bbox 1150 732 1155 737; x_wconf 87' lang='lat'><strong>·</strong></span> <span class='ocrx_word' id='word_1_23' title='bbox 1178 695 1443 781; x_wconf 84' lang='lat' dir='ltr'>meriti,</span> <span class='ocrx_word' id='word_1_24' title='bbox 1496 692 1761 783; x_wconf 82' lang='lat' dir='ltr'>sibique</span> <span class='ocrx_word' id='word_1_25' title='bbox 1809 686 2232 779; x_wconf 84' lang='lat' dir='ltr'>amicissimi,</span> <span class='ocrx_word' id='word_1_26' title='bbox 2289 697 2406 779; x_wconf 48' lang='lat' dir='ltr'>viq.</span> 
     </span>
     <span class='ocr_line' id='line_1_5' title="bbox 372 806 2401 907; baseline -0.003 -20"><span class='ocrx_word' id='word_1_27' title='bbox 372 834 515 889; x_wconf 82' lang='lat' dir='ltr'>tam</span> <span class='ocrx_word' id='word_1_28' title='bbox 564 815 865 907; x_wconf 78' lang='lat' dir='ltr'>scripsit.</span> <span class='ocrx_word' id='word_1_29' title='bbox 927 810 1267 883; x_wconf 78' lang='lat' dir='ltr'>Naturalis</span> <span class='ocrx_word' id='word_1_30' title='bbox 1326 808 1471 901; x_wconf 81' lang='lat' dir='ltr'>ipse</span> <span class='ocrx_word' id='word_1_31' title='bbox 1524 806 1858 877; x_wconf 81' lang='lat' dir='ltr'>scribendi</span> <span class='ocrx_word' id='word_1_32' title='bbox 1913 806 2146 878; x_wconf 87' lang='lat' dir='ltr'>modus</span> <span class='ocrx_word' id='word_1_33' title='bbox 2197 808 2401 880; x_wconf 82' lang='lat' dir='ltr'>fidem</span> 
     </span>
     <span class='ocr_line' id='line_1_6' title="bbox 372 926 2426 1031; baseline -0.004 -28"><span class='ocrx_word' id='word_1_34' title='bbox 372 933 618 1029; x_wconf 74' lang='lat' dir='ltr'>legenti</span> <span class='ocrx_word' id='word_1_35' title='bbox 665 934 829 1005; x_wconf 86' lang='lat' dir='ltr'>facit</span> <span class='ocrx_word' id='word_1_36' title='bbox 864 948 933 1001; x_wconf 92' lang='lat' dir='ltr'>et</span> <span class='ocrx_word' id='word_1_37' title='bbox 966 932 1143 1001; x_wconf 83' lang='lat' dir='ltr'>clare</span> <span class='ocrx_word' id='word_1_38' title='bbox 1182 927 1509 1009; x_wconf 84' lang='lat' dir='ltr'>ostendit,</span> <span class='ocrx_word' id='word_1_39' title='bbox 1548 928 1764 997; x_wconf 77' lang='lat' dir='ltr'>virum</span> <span class='ocrx_word' id='word_1_40' title='bbox 1795 926 2125 1031; x_wconf 81' lang='lat' dir='ltr'>optimum</span> <span class='ocrx_word' id='word_1_41' title='bbox 2173 951 2212 995; x_wconf 90' lang='lat' dir='ltr'>a</span> <span class='ocrx_word' id='word_1_42' title='bbox 2247 926 2426 996; x_wconf 79' lang='lat' dir='ltr'>lau--</span> 
     </span>
     <span class='ocr_line' id='line_1_7' title="bbox 374 1039 2409 1131; baseline -0.007 -8"><span class='ocrx_word' id='word_1_43' title='bbox 374 1052 529 1129; x_wconf 80' lang='lat' dir='ltr'>dato</span> <span class='ocrx_word' id='word_1_44' title='bbox 568 1053 707 1121; x_wconf 79' lang='lat' dir='ltr'>vino</span> <span class='ocrx_word' id='word_1_45' title='bbox 743 1047 995 1120; x_wconf 79' lang='lat' dir='ltr'>laudari</span> <span class='ocrx_word' id='word_1_46' title='bbox 1016 1098 1036 1114; x_wconf 95' lang='lat'>.</span> <span class='ocrx_word' id='word_1_47' title='bbox 1056 1048 1160 1115; x_wconf 87' lang='lat' dir='ltr'>Ex</span> <span class='ocrx_word' id='word_1_48' title='bbox 1198 1042 1302 1111; x_wconf 88' lang='lat' dir='ltr'>his</span> <span class='ocrx_word' id='word_1_49' title='bbox 1346 1040 1656 1109; x_wconf 83' lang='lat' dir='ltr'>omnibus</span> <span class='ocrx_word' id='word_1_50' title='bbox 1679 1062 1920 1131; x_wconf 79' lang='lat' dir='ltr'>magua</span> <span class='ocrx_word' id='word_1_51' title='bbox 1955 1039 2409 1110; x_wconf 64' lang='lat' dir='ltr'>existimatio..</span> 
     </span>
     <span class='ocr_line' id='line_1_8' title="bbox 373 1158 2410 1244; baseline -0.007 -4"><span class='ocrx_word' id='word_1_52' title='bbox 373 1172 477 1240; x_wconf 86' lang='lat' dir='ltr'>nis</span> <span class='ocrx_word' id='word_1_53' title='bbox 514 1169 834 1241; x_wconf 75' lang='lat' dir='ltr'>accessio.</span> <span class='ocrx_word' id='word_1_54' title='bbox 876 1163 1227 1235; x_wconf 79' lang='lat' dir='ltr'>Orationes</span> <span class='ocrx_word' id='word_1_55' title='bbox 1262 1182 1395 1229; x_wconf 89' lang='lat' dir='ltr'>non</span> <span class='ocrx_word' id='word_1_56' title='bbox 1430 1160 1642 1229; x_wconf 83' lang='lat' dir='ltr'>semel</span> <span class='ocrx_word' id='word_1_57' title='bbox 1687 1182 1882 1228; x_wconf 83' lang='lat' dir='ltr'>cusae</span> <span class='ocrx_word' id='word_1_58' title='bbox 1905 1212 1926 1244; x_wconf 91' lang='lat'><strong><em>,</em></strong></span> <span class='ocrx_word' id='word_1_59' title='bbox 1983 1158 2056 1227; x_wconf 91' lang='lat' dir='ltr'>in</span> <span class='ocrx_word' id='word_1_60' title='bbox 2104 1158 2410 1229; x_wconf 84' lang='lat' dir='ltr'>illustres.</span> 
     </span>
     <span class='ocr_line' id='line_1_9' title="bbox 376 1272 2394 1373; baseline -0.006 -19"><span class='ocrx_word' id='word_1_61' title='bbox 376 1286 495 1355; x_wconf 68' lang='lat' dir='ltr'>ille</span> <span class='ocrx_word' id='word_1_62' title='bbox 534 1284 901 1373; x_wconf 78' lang='lat' dir='ltr'>adscriptus</span> <span class='ocrx_word' id='word_1_63' title='bbox 938 1274 1336 1349; x_wconf 74' lang='lat' dir='ltr'>Academias</span> <span class='ocrx_word' id='word_1_64' title='bbox 1360 1324 1382 1358; x_wconf 88' lang='lat'>‚</span> <span class='ocrx_word' id='word_1_65' title='bbox 1419 1297 1460 1342; x_wconf 90' lang='lat' dir='ltr'>a</span> <span class='ocrx_word' id='word_1_66' title='bbox 1515 1272 1844 1364; x_wconf 72' lang='lat' dir='ltr'>patavinis</span> <span class='ocrx_word' id='word_1_67' title='bbox 1881 1272 2206 1365; x_wconf 83' lang='lat' dir='ltr'>episeopis</span> <span class='ocrx_word' id='word_1_68' title='bbox 2246 1298 2394 1343; x_wconf 83' lang='lat' dir='ltr'>ma-</span> 
     </span>
     <span class='ocr_line' id='line_1_10' title="bbox 370 1385 2394 1488; baseline -0.004 -23"><span class='ocrx_word' id='word_1_69' title='bbox 370 1400 487 1488; x_wconf 71' lang='lat' dir='ltr'>gni</span> <span class='ocrx_word' id='word_1_70' title='bbox 526 1395 737 1465; x_wconf 77' lang='lat' dir='ltr'>factus</span> <span class='ocrx_word' id='word_1_71' title='bbox 764 1445 785 1477; x_wconf 91' lang='lat'>‚</span> <span class='ocrx_word' id='word_1_72' title='bbox 823 1390 1029 1461; x_wconf 80' lang='lat' dir='ltr'>sacris</span> <span class='ocrx_word' id='word_1_73' title='bbox 1069 1386 1389 1459; x_wconf 76' lang='lat' dir='ltr'>reditibus</span> <span class='ocrx_word' id='word_1_74' title='bbox 1426 1385 1511 1454; x_wconf 84' lang='lat' dir='ltr'>ab</span> <span class='ocrx_word' id='word_1_75' title='bbox 1550 1386 1792 1456; x_wconf 80' lang='lat' dir='ltr'>iisdem</span> <span class='ocrx_word' id='word_1_76' title='bbox 1831 1403 2056 1456; x_wconf 86' lang='lat' dir='ltr'>auctus</span> <span class='ocrx_word' id='word_1_77' title='bbox 2080 1440 2101 1472; x_wconf 90' lang='lat'><strong><em>,</em></strong></span> <span class='ocrx_word' id='word_1_78' title='bbox 2151 1386 2394 1458; x_wconf 72' lang='lat' dir='ltr'>Cardi-</span> 
     </span>
     <span class='ocr_line' id='line_1_11' title="bbox 375 1505 2390 1601; baseline -0.004 -17"><span class='ocrx_word' id='word_1_79' title='bbox 375 1514 634 1583; x_wconf 81' lang='lat' dir='ltr'>nalium</span> <span class='ocrx_word' id='word_1_80' title='bbox 692 1512 895 1581; x_wconf 85' lang='lat' dir='ltr'>etiam</span> <span class='ocrx_word' id='word_1_81' title='bbox 952 1506 1251 1601; x_wconf 85' lang='lat' dir='ltr'>epistolis</span> <span class='ocrx_word' id='word_1_82' title='bbox 1318 1505 1701 1577; x_wconf 78' lang='lat' dir='ltr'>honestatus</span> <span class='ocrx_word' id='word_1_83' title='bbox 1738 1556 1763 1590; x_wconf 90' lang='lat'>‚</span> <span class='ocrx_word' id='word_1_84' title='bbox 1826 1505 1963 1575; x_wconf 76' lang='lat' dir='ltr'>suis</span> <span class='ocrx_word' id='word_1_85' title='bbox 2016 1520 2084 1575; x_wconf 85' lang='lat' dir='ltr'>et</span> <span class='ocrx_word' id='word_1_86' title='bbox 2142 1507 2390 1575; x_wconf 82' lang='lat' dir='ltr'>exteris</span> 
     </span>
     <span class='ocr_line' id='line_1_12' title="bbox 374 1648 607 1703; baseline 0.009 -2"><span class='ocrx_word' id='word_1_87' title='bbox 374 1648 607 1703; x_wconf 83' lang='lat' dir='ltr'>notus.</span> 
     </span>
    </p>

    <p class='ocr_par' dir='ltr' id='par_1_3' title="bbox 362 1736 2406 3572">
     <span class='ocr_line' id='line_1_13' title="bbox 470 1736 2398 1837; baseline -0.003 -18"><span class='ocrx_word' id='word_1_88' title='bbox 470 1746 603 1819; x_wconf 80' lang='lat' dir='ltr'>Sed</span> <span class='ocrx_word' id='word_1_89' title='bbox 640 1743 723 1815; x_wconf 89' lang='lat' dir='ltr'>de</span> <span class='ocrx_word' id='word_1_90' title='bbox 762 1742 869 1813; x_wconf 89' lang='lat' dir='ltr'>his</span> <span class='ocrx_word' id='word_1_91' title='bbox 914 1742 1274 1812; x_wconf 79' lang='lat' dir='ltr'>hactenus:</span> <span class='ocrx_word' id='word_1_92' title='bbox 1332 1762 1506 1837; x_wconf 76' lang='lat' dir='ltr'>nunc</span> <span class='ocrx_word' id='word_1_93' title='bbox 1562 1740 1648 1809; x_wconf 88' lang='lat' dir='ltr'>de</span> <span class='ocrx_word' id='word_1_94' title='bbox 1693 1737 2025 1827; x_wconf 72' lang='lat' dir='ltr'>moribus,</span> <span class='ocrx_word' id='word_1_95' title='bbox 2055 1736 2178 1833; x_wconf 83' lang='lat' dir='ltr'>qui</span> <span class='ocrx_word' id='word_1_96' title='bbox 2239 1765 2398 1813; x_wconf 76' lang='lat' dir='ltr'>sane</span> 
     </span>
     <span class='ocr_line' id='line_1_14' title="bbox 364 1858 2394 1956; baseline 0 -22"><span class='ocrx_word' id='word_1_97' title='bbox 364 1862 649 1956; x_wconf 79' lang='lat' dir='ltr'>integri,</span> <span class='ocrx_word' id='word_1_98' title='bbox 684 1861 1033 1947; x_wconf 82' lang='lat' dir='ltr'>liberales,</span> <span class='ocrx_word' id='word_1_99' title='bbox 1072 1860 1375 1930; x_wconf 86' lang='lat' dir='ltr'>honesti.</span> <span class='ocrx_word' id='word_1_100' title='bbox 1432 1858 1586 1929; x_wconf 85' lang='lat' dir='ltr'>Fuit</span> <span class='ocrx_word' id='word_1_101' title='bbox 1637 1860 1820 1929; x_wconf 89' lang='lat' dir='ltr'>enim</span> <span class='ocrx_word' id='word_1_102' title='bbox 1857 1879 2169 1952; x_wconf 83' lang='lat' dir='ltr'>perpetua</span> <span class='ocrx_word' id='word_1_103' title='bbox 2217 1864 2394 1934; x_wconf 82' lang='lat' dir='ltr'>vitae</span> 
     </span>
     <span class='ocr_line' id='line_1_15' title="bbox 364 1978 2398 2073; baseline -0.001 -21"><span class='ocrx_word' id='word_1_104' title='bbox 364 1982 549 2052; x_wconf 77' lang='lat' dir='ltr'>illius</span> <span class='ocrx_word' id='word_1_105' title='bbox 597 2004 745 2050; x_wconf 89' lang='lat' dir='ltr'>cum</span> <span class='ocrx_word' id='word_1_106' title='bbox 798 1982 1095 2050; x_wconf 86' lang='lat' dir='ltr'>oratione</span> <span class='ocrx_word' id='word_1_107' title='bbox 1148 1979 1530 2049; x_wconf 81' lang='lat' dir='ltr'>consensio.</span> <span class='ocrx_word' id='word_1_108' title='bbox 1591 1980 1762 2049; x_wconf 84' lang='lat' dir='ltr'>Tam</span> <span class='ocrx_word' id='word_1_109' title='bbox 1811 1978 2033 2066; x_wconf 88' lang='lat' dir='ltr'>domi,</span> <span class='ocrx_word' id='word_1_110' title='bbox 2069 2005 2268 2073; x_wconf 81' lang='lat' dir='ltr'>quam</span> <span class='ocrx_word' id='word_1_111' title='bbox 2325 1983 2398 2051; x_wconf 88' lang='lat' dir='ltr'>in</span> 
     </span>
     <span class='ocr_line' id='line_1_16' title="bbox 364 2097 2398 2191; baseline 0.001 -22"><span class='ocrx_word' id='word_1_112' title='bbox 364 2099 597 2169; x_wconf 74' lang='lat' dir='ltr'>sociali</span> <span class='ocrx_word' id='word_1_113' title='bbox 632 2122 1018 2189; x_wconf 83' lang='lat' dir='ltr'>congressu,</span> <span class='ocrx_word' id='word_1_114' title='bbox 1052 2097 1299 2191; x_wconf 87' lang='lat' dir='ltr'>politus</span> <span class='ocrx_word' id='word_1_115' title='bbox 1337 2097 1586 2187; x_wconf 85' lang='lat' dir='ltr'>Joseph</span> <span class='ocrx_word' id='word_1_116' title='bbox 1623 2113 1694 2167; x_wconf 89' lang='lat' dir='ltr'>et</span> <span class='ocrx_word' id='word_1_117' title='bbox 1727 2097 1938 2167; x_wconf 90' lang='lat' dir='ltr'>cultus</span> <span class='ocrx_word' id='word_1_118' title='bbox 1967 2126 1986 2183; x_wconf 83' lang='lat'>3</span> <span class='ocrx_word' id='word_1_119' title='bbox 2018 2122 2148 2167; x_wconf 89' lang='lat' dir='ltr'>non</span> <span class='ocrx_word' id='word_1_120' title='bbox 2188 2100 2398 2172; x_wconf 82' lang='lat' dir='ltr'>multa</span> 
     </span>
     <span class='ocr_line' id='line_1_17' title="bbox 366 2214 2400 2309; baseline -0.004 -22"><span class='ocrx_word' id='word_1_121' title='bbox 366 2232 599 2287; x_wconf 83' lang='lat' dir='ltr'>tamen</span> <span class='ocrx_word' id='word_1_122' title='bbox 630 2218 703 2287; x_wconf 86' lang='lat' dir='ltr'>in</span> <span class='ocrx_word' id='word_1_123' title='bbox 740 2216 1053 2287; x_wconf 79' lang='lat' dir='ltr'>familiari</span> <span class='ocrx_word' id='word_1_124' title='bbox 1106 2240 1408 2287; x_wconf 86' lang='lat' dir='ltr'>sermone</span> <span class='ocrx_word' id='word_1_125' title='bbox 1446 2214 1753 2287; x_wconf 77' lang='lat' dir='ltr'>facundia</span> <span class='ocrx_word' id='word_1_126' title='bbox 1777 2269 1796 2287; x_wconf 91' lang='lat'>.</span> <span class='ocrx_word' id='word_1_127' title='bbox 1860 2215 2062 2287; x_wconf 86' lang='lat' dir='ltr'>Omni</span> <span class='ocrx_word' id='word_1_128' title='bbox 2103 2214 2400 2309; x_wconf 79' lang='lat' dir='ltr'>diligen..</span> 
     </span>
     <span class='ocr_line' id='line_1_18' title="bbox 372 2326 2400 2423; baseline 0.001 -23"><span class='ocrx_word' id='word_1_129' title='bbox 372 2328 475 2400; x_wconf 83' lang='lat' dir='ltr'>tia</span> <span class='ocrx_word' id='word_1_130' title='bbox 512 2328 956 2417; x_wconf 75' lang='lat' dir='ltr'>munditiam,</span> <span class='ocrx_word' id='word_1_131' title='bbox 994 2339 1125 2401; x_wconf 73' lang='lat' dir='ltr'>non·</span> <span class='ocrx_word' id='word_1_132' title='bbox 1182 2328 1609 2423; x_wconf 80' lang='lat' dir='ltr'>affluentiam</span> <span class='ocrx_word' id='word_1_133' title='bbox 1643 2383 1665 2416; x_wconf 92' lang='lat'>,</span> <span class='ocrx_word' id='word_1_134' title='bbox 1719 2326 2081 2415; x_wconf 77' lang='lat' dir='ltr'>affectabat</span> <span class='ocrx_word' id='word_1_135' title='bbox 2117 2334 2268 2422; x_wconf 82' lang='lat'>(1).·</span> <span class='ocrx_word' id='word_1_136' title='bbox 2323 2348 2400 2403; x_wconf 86' lang='lat' dir='ltr'>ut</span> 
     </span>
     <span class='ocr_line' id='line_1_19' title="bbox 372 2446 2400 2541; baseline 0 -21"><span class='ocrx_word' id='word_1_137' title='bbox 372 2450 707 2520; x_wconf 75' lang='lat' dir='ltr'>videretur</span> <span class='ocrx_word' id='word_1_138' title='bbox 750 2472 1015 2541; x_wconf 78' lang='lat' dir='ltr'>semper</span> <span class='ocrx_word' id='word_1_139' title='bbox 1073 2474 1229 2540; x_wconf 84' lang='lat' dir='ltr'>prae</span> <span class='ocrx_word' id='word_1_140' title='bbox 1281 2449 1487 2521; x_wconf 86' lang='lat' dir='ltr'>oeulis</span> <span class='ocrx_word' id='word_1_141' title='bbox 1543 2448 1788 2519; x_wconf 84' lang='lat' dir='ltr'>habere</span> <span class='ocrx_word' id='word_1_142' title='bbox 1825 2448 1990 2517; x_wconf 85' lang='lat' dir='ltr'>illud</span> <span class='ocrx_word' id='word_1_143' title='bbox 2026 2502 2046 2534; x_wconf 89' lang='lat'>‚</span> <span class='ocrx_word' id='word_1_144' title='bbox 2083 2446 2188 2518; x_wconf 83' lang='lat' dir='ltr'>Ne</span> <span class='ocrx_word' id='word_1_145' title='bbox 2233 2446 2400 2540; x_wconf 79' lang='lat' dir='ltr'>quid</span> 
     </span>
     <span class='ocr_line' id='line_1_20' title="bbox 374 2561 2402 2647; baseline 0 -14"><span class='ocrx_word' id='word_1_146' title='bbox 374 2561 606 2634; x_wconf 81' lang='lat' dir='ltr'>nimis.</span> <span class='ocrx_word' id='word_1_147' title='bbox 647 2563 839 2635; x_wconf 88' lang='lat' dir='ltr'>Nihil</span> <span class='ocrx_word' id='word_1_148' title='bbox 880 2564 1027 2636; x_wconf 84' lang='lat' dir='ltr'>ideo</span> <span class='ocrx_word' id='word_1_149' title='bbox 1064 2561 1265 2633; x_wconf 86' lang='lat' dir='ltr'>fucati</span> <span class='ocrx_word' id='word_1_150' title='bbox 1303 2563 1376 2634; x_wconf 90' lang='lat' dir='ltr'>in</span> <span class='ocrx_word' id='word_1_151' title='bbox 1414 2561 1669 2647; x_wconf 79' lang='lat' dir='ltr'>verbis,</span> <span class='ocrx_word' id='word_1_152' title='bbox 1709 2562 1780 2632; x_wconf 89' lang='lat' dir='ltr'>in</span> <span class='ocrx_word' id='word_1_153' title='bbox 1817 2561 2110 2631; x_wconf 84' lang='lat' dir='ltr'>vestibus</span> <span class='ocrx_word' id='word_1_154' title='bbox 2133 2615 2151 2646; x_wconf 92' lang='lat'>,</span> <span class='ocrx_word' id='word_1_155' title='bbox 2185 2563 2255 2631; x_wconf 90' lang='lat' dir='ltr'>in</span> <span class='ocrx_word' id='word_1_156' title='bbox 2295 2587 2402 2634; x_wconf 87' lang='lat' dir='ltr'>ca-</span> 
     </span>
     <span class='ocr_line' id='line_1_21' title="bbox 372 2679 2400 2776; baseline -0.001 -24"><span class='ocrx_word' id='word_1_157' title='bbox 372 2682 595 2776; x_wconf 83' lang='lat' dir='ltr'>pillis.</span> <span class='ocrx_word' id='word_1_158' title='bbox 634 2682 823 2752; x_wconf 88' lang='lat' dir='ltr'>Talis</span> <span class='ocrx_word' id='word_1_159' title='bbox 862 2683 1115 2772; x_wconf 87' lang='lat' dir='ltr'>(liceat</span> <span class='ocrx_word' id='word_1_160' title='bbox 1161 2681 1331 2756; x_wconf 88' lang='lat' dir='ltr'>mihi</span> <span class='ocrx_word' id='word_1_161' title='bbox 1368 2683 1465 2752; x_wconf 87' lang='lat' dir='ltr'>ita</span> <span class='ocrx_word' id='word_1_162' title='bbox 1501 2681 1679 2774; x_wconf 89' lang='lat' dir='ltr'>loqui</span> <span class='ocrx_word' id='word_1_163' title='bbox 1719 2679 1804 2752; x_wconf 86' lang='lat' dir='ltr'>ad</span> <span class='ocrx_word' id='word_1_164' title='bbox 1842 2703 1980 2750; x_wconf 86' lang='lat' dir='ltr'>rem</span> <span class='ocrx_word' id='word_1_165' title='bbox 2027 2681 2400 2771; x_wconf 82' lang='lat' dir='ltr'>exprimen-</span> 
     </span>
     <span class='ocr_line' id='line_1_22' title="bbox 369 2783 2400 2892; baseline -0 -21"><span class='ocrx_word' id='word_1_166' title='bbox 369 2801 581 2884; x_wconf 86' lang='lat' dir='ltr'>dam‚-</span> <span class='ocrx_word' id='word_1_167' title='bbox 611 2815 684 2872; x_wconf 88' lang='lat' dir='ltr'>ut</span> <span class='ocrx_word' id='word_1_168' title='bbox 720 2802 910 2892; x_wconf 87' lang='lat' dir='ltr'>erat)</span> <span class='ocrx_word' id='word_1_169' title='bbox 967 2801 1122 2870; x_wconf 83' lang='lat' dir='ltr'>talis</span> <span class='ocrx_word' id='word_1_170' title='bbox 1179 2783 1451 2870; x_wconf 70' lang='lat' dir='ltr'>omnino</span> <span class='ocrx_word' id='word_1_171' title='bbox 1503 2817 1810 2887; x_wconf 88' lang='lat' dir='ltr'>ornatus,</span> <span class='ocrx_word' id='word_1_172' title='bbox 1866 2800 2129 2891; x_wconf 73' lang='lat' dir='ltr'>qualem</span> <span class='ocrx_word' id='word_1_173' title='bbox 2167 2799 2238 2869; x_wconf 87' lang='lat' dir='ltr'>in</span> <span class='ocrx_word' id='word_1_174' title='bbox 2291 2799 2400 2870; x_wconf 86' lang='lat' dir='ltr'>di-</span> 
     </span>
     <span class='ocr_line' id='line_1_23' title="bbox 368 2909 2401 3004; baseline -0.003 -19"><span class='ocrx_word' id='word_1_175' title='bbox 368 2915 578 2985; x_wconf 85' lang='lat' dir='ltr'>cendo</span> <span class='ocrx_word' id='word_1_176' title='bbox 632 2913 923 3004; x_wconf 84' lang='lat' dir='ltr'>postulat</span> <span class='ocrx_word' id='word_1_177' title='bbox 976 2913 1429 3002; x_wconf 77' lang='lat' dir='ltr'>Quintilianus</span> <span class='ocrx_word' id='word_1_178' title='bbox 1469 2966 1491 3000; x_wconf 87' lang='lat'>,</span> <span class='ocrx_word' id='word_1_179' title='bbox 1553 2909 1768 2990; x_wconf 68' lang='lat' dir='ltr'>virilis</span> <span class='ocrx_word' id='word_1_180' title='bbox 1822 2912 2078 2982; x_wconf 86' lang='lat' dir='ltr'>scilicet</span> <span class='ocrx_word' id='word_1_181' title='bbox 2121 2928 2189 2981; x_wconf 88' lang='lat' dir='ltr'>et</span> <span class='ocrx_word' id='word_1_182' title='bbox 2237 2935 2401 2984; x_wconf 83' lang='lat' dir='ltr'>san-</span> 
     </span>
     <span class='ocr_line' id='line_1_24' title="bbox 362 3023 2398 3118; baseline -0.001 -24"><span class='ocrx_word' id='word_1_183' title='bbox 362 3035 513 3096; x_wconf 79' lang='lat' dir='ltr'>ctus</span> <span class='ocrx_word' id='word_1_184' title='bbox 550 3027 694 3118; x_wconf 82' lang='lat'>(2).</span> <span class='ocrx_word' id='word_1_185' title='bbox 740 3025 980 3095; x_wconf 87' lang='lat' dir='ltr'>Decori</span> <span class='ocrx_word' id='word_1_186' title='bbox 1020 3025 1516 3096; x_wconf 80' lang='lat' dir='ltr'>amantissimus</span> <span class='ocrx_word' id='word_1_187' title='bbox 1539 3079 1561 3112; x_wconf 93' lang='lat'>,</span> <span class='ocrx_word' id='word_1_188' title='bbox 1601 3043 1671 3096; x_wconf 88' lang='lat' dir='ltr'>et</span> <span class='ocrx_word' id='word_1_189' title='bbox 1706 3026 1778 3095; x_wconf 89' lang='lat' dir='ltr'>in</span> <span class='ocrx_word' id='word_1_190' title='bbox 1804 3049 1920 3096; x_wconf 91' lang='lat' dir='ltr'>.eo.-</span> <span class='ocrx_word' id='word_1_191' title='bbox 1934 3024 2252 3096; x_wconf 85' lang='lat' dir='ltr'>servando</span> <span class='ocrx_word' id='word_1_192' title='bbox 2289 3023 2398 3092; x_wconf 83' lang='lat' dir='ltr'>di-</span> 
     </span>
     <span class='ocr_line' id='line_1_25' title="bbox 362 3140 2396 3234; baseline -0.001 -22"><span class='ocrx_word' id='word_1_193' title='bbox 362 3144 576 3233; x_wconf 69' lang='lat' dir='ltr'>ligens</span> <span class='ocrx_word' id='word_1_194' title='bbox 616 3166 813 3233; x_wconf 85' lang='lat' dir='ltr'>quam</span> <span class='ocrx_word' id='word_1_195' title='bbox 855 3142 968 3234; x_wconf 86' lang='lat' dir='ltr'>qui</span> <span class='ocrx_word' id='word_1_196' title='bbox 1007 3143 1303 3212; x_wconf 79' lang='lat' dir='ltr'>maxime</span> <span class='ocrx_word' id='word_1_197' title='bbox 1331 3195 1347 3211; x_wconf 97' lang='lat'>.</span> <span class='ocrx_word' id='word_1_198' title='bbox 1388 3143 1630 3212; x_wconf 87' lang='lat' dir='ltr'>Dicam</span> <span class='ocrx_word' id='word_1_199' title='bbox 1654 3196 1675 3228; x_wconf 90' lang='lat'><em>‚</em></span> <span class='ocrx_word' id='word_1_200' title='bbox 1706 3143 1880 3234; x_wconf 86' lang='lat' dir='ltr'>quod</span> <span class='ocrx_word' id='word_1_201' title='bbox 1918 3140 2396 3213; x_wconf 81' lang='lat' dir='ltr'>animadverte-</span> 
     </span>
     <span class='ocr_line' id='line_1_26' title="bbox 365 3258 2406 3351; baseline -0.001 -21"><span class='ocrx_word' id='word_1_202' title='bbox 365 3259 504 3330; x_wconf 82' lang='lat' dir='ltr'>rint</span> <span class='ocrx_word' id='word_1_203' title='bbox 538 3258 807 3330; x_wconf 76' lang='lat' dir='ltr'>fortasse</span> <span class='ocrx_word' id='word_1_204' title='bbox 844 3276 915 3330; x_wconf 87' lang='lat' dir='ltr'>et</span> <span class='ocrx_word' id='word_1_205' title='bbox 950 3261 1103 3330; x_wconf 85' lang='lat' dir='ltr'>alii.</span> <span class='ocrx_word' id='word_1_206' title='bbox 1146 3264 1335 3351; x_wconf 82' lang='lat' dir='ltr'>Quae</span> <span class='ocrx_word' id='word_1_207' title='bbox 1384 3263 1489 3332; x_wconf 78' lang='lat' dir='ltr'>vel</span> <span class='ocrx_word' id='word_1_208' title='bbox 1544 3260 1926 3330; x_wconf 86' lang='lat' dir='ltr'>communia</span> <span class='ocrx_word' id='word_1_209' title='bbox 1954 3313 1972 3344; x_wconf 92' lang='lat'>,</span> <span class='ocrx_word' id='word_1_210' title='bbox 2023 3276 2093 3329; x_wconf 88' lang='lat' dir='ltr'>et</span> <span class='ocrx_word' id='word_1_211' title='bbox 2144 3283 2340 3349; x_wconf 81' lang='lat' dir='ltr'>parva</span> <span class='ocrx_word' id='word_1_212' title='bbox 2364 3311 2406 3346; x_wconf 86' lang='lat'>‚.</span> 
     </span>
     <span class='ocr_line' id='line_1_27' title="bbox 367 3375 2386 3476; baseline 0 -30"><span class='ocrx_word' id='word_1_213' title='bbox 367 3376 595 3446; x_wconf 86' lang='lat' dir='ltr'>neseio</span> <span class='ocrx_word' id='word_1_214' title='bbox 631 3376 791 3474; x_wconf 81' lang='lat' dir='ltr'>quid</span> <span class='ocrx_word' id='word_1_215' title='bbox 824 3379 1168 3476; x_wconf 79' lang='lat' dir='ltr'>dignitatis</span> <span class='ocrx_word' id='word_1_216' title='bbox 1204 3379 1599 3451; x_wconf 80' lang='lat' dir='ltr'>videbantur</span> <span class='ocrx_word' id='word_1_217' title='bbox 1633 3401 1894 3449; x_wconf 81' lang='lat' dir='ltr'>sumere</span> <span class='ocrx_word' id='word_1_218' title='bbox 1939 3375 2026 3448; x_wconf 78' lang='lat' dir='ltr'>ab</span> <span class='ocrx_word' id='word_1_219' title='bbox 2063 3375 2206 3472; x_wconf 78' lang='lat' dir='ltr'>ejus</span> <span class='ocrx_word' id='word_1_220' title='bbox 2249 3401 2386 3447; x_wconf 84' lang='lat' dir='ltr'>mo-</span> 
     </span>
     <span class='ocr_line' id='line_1_28' title="bbox 364 3489 607 3572; baseline 0.004 -9"><span class='ocrx_word' id='word_1_221' title='bbox 364 3489 553 3572; x_wconf 65' lang='lat' dir='ltr'>tibus</span> <span class='ocrx_word' id='word_1_222' title='bbox 584 3543 607 3564; x_wconf 89' lang='lat'>.</span> 
     </span>
    </p>
   </div>
   <div class='ocr_carea' id='block_1_3' title="bbox 1053 3719 1714 3752">
    <p class='ocr_par' dir='ltr' id='par_1_4' title="bbox 1053 3719 1714 3752">
     <span class='ocr_line' id='line_1_29' title="bbox 1053 3719 1714 3752; baseline 0 0"><span class='ocrx_word' id='word_1_223' title='bbox 1053 3719 1714 3752; x_wconf 51' lang='lat' dir='ltr'>mmmm-nu</span> 
     </span>
    </p>
   </div>
   <div class='ocr_carea' id='block_1_4' title="bbox 446 3857 1606 4054">
    <p class='ocr_par' dir='ltr' id='par_1_5' title="bbox 446 3857 1606 4054">
     <span class='ocr_line' id='line_1_30' title="bbox 446 3857 1606 3946; baseline 0.007 -28"><span class='ocrx_word' id='word_1_224' title='bbox 446 3859 549 3937; x_wconf 84' lang='grc' dir='ltr'>(ι)</span> <span class='ocrx_word' id='word_1_225' title='bbox 589 3857 785 3944; x_wconf 82' lang='lat' dir='ltr'>Nepos</span> <span class='ocrx_word' id='word_1_226' title='bbox 828 3861 893 3924; x_wconf 85' lang='lat' dir='ltr'>in</span> <span class='ocrx_word' id='word_1_227' title='bbox 929 3863 1073 3930; x_wconf 76' lang='lat' dir='ltr'>Vita</span> <span class='ocrx_word' id='word_1_228' title='bbox 1108 3863 1293 3925; x_wconf 81' lang='lat' dir='ltr'>Attici</span> <span class='ocrx_word' id='word_1_229' title='bbox 1332 3882 1461 3946; x_wconf 81' lang='lat' dir='ltr'>cap.</span> <span class='ocrx_word' id='word_1_230' title='bbox 1510 3863 1606 3926; x_wconf 77' lang='lat'>15.</span> 
     </span>
     <span class='ocr_line' id='line_1_31' title="bbox 450 3961 1580 4054; baseline 0.011 -32"><span class='ocrx_word' id='word_1_231' title='bbox 450 3961 551 4049; x_wconf 79' lang='lat'>(2)</span> <span class='ocrx_word' id='word_1_232' title='bbox 590 3963 845 4028; x_wconf 76' lang='lat' dir='ltr'>Institut.</span> <span class='ocrx_word' id='word_1_233' title='bbox 889 3964 995 4026; x_wconf 80' lang='lat' dir='ltr'>lib.</span> <span class='ocrx_word' id='word_1_234' title='bbox 1036 3969 1095 4030; x_wconf 79' lang='lat'>8.</span> <span class='ocrx_word' id='word_1_235' title='bbox 1138 3987 1264 4054; x_wconf 79' lang='lat' dir='ltr'>cap.</span> <span class='ocrx_word' id='word_1_236' title='bbox 1306 3967 1367 4030; x_wconf 79' lang='lat'>5.</span> <span class='ocrx_word' id='word_1_237' title='bbox 1409 3987 1479 4030; x_wconf 82' lang='lat' dir='ltr'>n.</span> <span class='ocrx_word' id='word_1_238' title='bbox 1522 3987 1580 4034; x_wconf 79' lang='grc' dir='ltr'>ι.</span> 
     </span>
    </p>
   </div>
   <div class='ocr_carea' id='block_1_5' title="bbox 928 4049 1014 4144">
    <p class='ocr_par' dir='ltr' id='par_1_6' title="bbox 928 4049 1014 4144">
     <span class='ocr_line' id='line_1_32' title="bbox 928 4049 1014 4144; baseline 0 0"><span class='ocrx_word' id='word_1_239' title='bbox 928 4049 1014 4144; x_wconf 72' lang='lat'>14</span> 
     </span>
    </p>
   </div>
  </div>
 </body>
</html>
