3125 4975
2324 374 2361 399 ν

970 385 1210 450 neom
1248 386 1694 447 ntmcmm'
2227 398 2361 471 25³

332 504 600 615 publico
627 574 644 593 .
683 524 826 593 Hoc
861 522 1096 595 eodem
1133 524 1248 594 ille
1295 523 1573 595 consilio
1609 510 2119 615 congregationi
2158 550 2383 616 prae-.

332 634 576 731 ficitur,
622 665 826 735 penes
859 637 1066 735 'quam
1105 642 1442 735 publicum
1481 642 1849 713 studiorum
1888 644 2179 735 regimen
2206 648 2309 736 (1)
2338 698 2357 715 .

427 760 720 829 Noverat
754 757 935 827 idem·
973 758 1222 849 op'time
1262 758 1598 849 utriusque
1637 756 1927 834 muneris
1967 757 2363 846 dignitatem

335 900 412 947 ac
451 874 750 965 pondus3
803 872 972 942 nihil
1007 890 1352 965 propterea
1389 872 1663 955 omisit,
1705 892 1835 962 quo
1872 871 2093 940 eidem
2134 895 2203 941 sc
2246 896 2371 963 pa-

336 1012 479 1059 rem
517 986 816 1057 redderet
835 1022 852 1055 a
882 990 968 1058 Et
1003 986 1491 1056 mathematicis
1527 984 1797 1077 quidem
1836 1007 1912 1053 ac
1948 984 2240 1073 physicis
2280 988 2377 1056 di·-

335 1104 636 1199 sciplinis
673 1104 964 1175 instabat
1019 1104 1318 1190 assidue,
1357 1105 1478 1173 has
1516 1101 1945 1194 promovebat
1981 1101 2211 1173 diurna
2250 1128 2373 1173 no-

332 1238 688 1311 cturnaque
743 1219 1342 1303 commentatione,
1399 1216 1630 1301 libris,
1692 1206 2058 1302 machinis,-
2122 1218 2370 1289 instru-

334 1335 579 1404 mentis
601 1370 618 1401 ε
645 1322 1004 1420 Praecipue
1040 1344 1193 1399 vero
1233 1330 1515 1420 eleganti
1553 1330 1857 1420 specula,
1886 1350 2084 1423 quam
2112 1321 2184 1401 in
2220 1358 2375 1424 par.

341 1446 554 1515 mensi
621 1460 776 1513 suae·
822 1443 1169 1513 societatis
1207 1442 1502 1534 Collegio
1558 1436 1941 1535 erigendam
1978 1448 2267 1533 curavit,
2306 1466 2377 1517 et

344 1558 772 1627 muniendam
809 1556 1196 1627 necessariis
1233 1558 1540 1626 omnibus
1578 1558 1663 1627 ad
1708 1558 1777 1629 id
1818 1550 2165 1649 praesidiis
2204 1562 2357 1653 (2).

435 1670 536 1740 Ibi
579 1696 750 1740 anno
811 1673 984 1763 1748
1039 1682 1375 1740 accuratas
1435 1670 1925 1743 observationes
1962 1675 2252 1745 instituit
2307 1677 2379 1744 in

340 1778 876 1879 solis‘lunaeque
913 1787 1192 1877 eclipsin·
1215 1840 1238 1873 ,
1295 1800 1571 1879 quarum
1612 1792 1816 1858 altera
1841 1842 1865 1876 ,
1902 1806 2143 1881 nempe
2180 1792 2379 1879 solis,

337 1907 582 1979 accidit
627 1908 734 1977 die
787 1906 1112 1998 vigesima
1166 1908 1397 1999 quinta
1451 1908 1658 1994 sulii,
1700 1910 1903 1979 altera
1940 1926 2173 1981 octava
2230 1915 2376 1982 Au·-

340 2025 550 2117 gusti,
583 2038 824 2120 easque
859 2030 1138 2098 Parmae
1172 2014 1407 2099 eodem
1445 2046 1617 2099 anno·
1656 2031 1741 2100 ad
1777 2046 2195 2103 communem
2238 2034 2375 2102 uti-

343 2140 599 2211 litatem
637 2143 943 2233 fivulgavit
981 2144 1090 2235 (3)
1118 2192 1136 2208 .
1192 2143 1559 2233 Utramque
1616 2145 1899 2235 eclipsin
1940 2145 2195 2240 jamdiu
2253 2136 2381 2215 exo

343 2259 530 2349 posui
570 2257 904 2341 versibus,
941 2275 1104 2346 quos
1143 2260 1504 2327 transcribo
1528 2311 1547 2328 .-

433 2405 470 2439 υ
527 2372 773 2442 Omnia
801 2424 821 2456 ,
857 2397 1024 2463 quae
1061 2390 1318 2439 sursum
1378 2388 1755 2461 vertuntur,
1794 2394 2061 2467 corpora
2116 2401 2369 2455 certum

333 2575 340 2582 .
435 2519 476 2555 n
521 2489 911 2562 Pei-currunt
963 2483 1292 2576 spatium,
1341 2485 1605 2578 sibique
1642 2493 2041 2559 occurrentia
2080 2499 2273 2565 certis

431 2632 472 2668 n
516 2603 885 2672 Momentis
921 2625 1148 2670 secum
1189 2623 1438 2691 pugnas
1477 2618 1546 2670 et
1584 2601 1837 2691 praelia
1872 2601 2190 2672 miscent.

435 2747 473 2782 η
518 2705 882 2806 Adspicis?
916 2717 1016 2786 En
1057 2715 1351 2806 properis
1399 2731 1623 2806 raptus
1663 2738 1779 2805 per
1814 2715 2011 2786 inane
2048 2717 2383 2810 quadrigis

432 2863 471 2899 n
517 2833 629 2905 Sol
667 2849 966 2924 coeptam
1007 2833 1174 2924 petit
1211 2832 1308 2901 ire
1346 2833 1564 2903 viam:
1597 2835 1753 2902 luna
1790 2833 2015 2903 invida
2044 2858 2305 2906 cursum

437 2981 476 3016 υ
519 2954 886 3046 Interiecta·
925 2970 1158 3045 negat3
1198 2953 1608 3023 flammantia
1647 2953 1897 3042 spicula
1956 2969 2182 3022 contra

437 3099 476 3132 n
531 3071 643 3142 Sol
678 3072 876 3165 jacit}
915 3071 1248 3140 immissos
1285 3073 1617 3140 radiorum
1656 3069 1994 3160 intercipit
2030 3071 2201 3140 ictus

438 3217 478 3250 υ
521 3192 884 3258 Occurrens
919 3189 1194 3258 inimica
1247 3213 1470 3258 soror:
1512 3206 1669 3257 tunc
1705 3191 1818 3259 ille·
1842 3243 1863 3276 ,
1910 3189 2173 3259 reflexis

438 3337 474 3368 υ
518 3306 826 3396 Ignibus,
865 3306 1148 3376 inficitur
1185 3307 1436 3376 vultum
1477 3308 1727 3397 pallore
1752 3361 1773 3392 ‚
1812 3289 2149 3400 magisque

450 3458 488 3493 2>
533 3425 776 3497 Deficit
790 3479 814 3512 ,
851 3429 1046 3518 atque·
1083 3425 1288 3494 oculis
1342 3447 1414 3495 se
1452 3445 1524 3496 se
1563 3427 1948 3497 mortalibus
1985 3425 2195 3500 ausen

1042 3633 1703 3662 mmmm

447 3801 547 3881 (1)
589 3799 912 3862 Comment-
950 3800 1048 3861 cit.
1089 3819 1220 3883 pag.
1261 3820 1366 3875 20,
1405 3821 1506 3862 21.

445 3907 546 3988 (2)
585 3905 804 3970 Ibidem
844 3927 973 3990 pag.
1017 3905 1114 3968 25.

442 4017 542 4095 (3)
575 4013 795 4076 ibidem
823 4032 953 4094 pag.
993 4020 1090 4094 49.
